1931 2329
818 116 881 176 25¹
929 136 948 153 ⁸

74 258 117 297 βη
133 263 286 293 -σ-ετο,
313 250 525 291 δυ’-σ-ετο,
558 260 640 282 nam
670 259 808 284 numeri
838 249 992 284 reflexivi
1016 260 1135 300 omnes
1160 261 1253 297 pone
1278 260 1394 286 notam
1418 252 1599 290 deducen-

69 316 147 341 tem
170 306 207 340 in
231 317 300 340 aor.
323 302 411 337 aliis
441 302 580 337 iudiciis
611 312 709 345 sunt,
756 315 861 349 quam
891 304 930 337 in
960 305 1158 351 primitivis.
1207 305 1312 346 Quod
1335 317 1426 351 pone
1448 318 1567 343 notam
1590 325 1601 342 ι

74 362 207 408 saepius
231 371 337 409 quam
360 371 452 406 pone
476 372 497 393 σ
521 366 663 405 usurpet
685 356 819 392 indicia
843 369 1089 401 numerorum,
1122 371 1212 408 quae
1236 360 1274 394 in
1299 359 1482 409 primitivis
1506 373 1601 405 sunt,

74 429 174 451 causa
198 423 269 454 est,
316 413 409 459 quod
433 425 498 459 per
521 426 541 446 σ
565 413 674 457 magis
697 412 878 446 manifesta
903 422 954 447 est
978 413 1178 455 deductio,
1195 427 1260 461 per
1283 430 1294 448 ι
1319 423 1435 449 autem
1457 416 1600 452 deducti

74 469 170 506 modi
193 465 378 502 similiores
402 474 482 500 sunt
504 466 706 513 primitiviS,
755 472 789 498 et
812 464 945 499 indicia
968 478 1214 509 numerorum,
1239 480 1326 515 quae
1350 468 1389 503 in
1412 469 1599 517 primitivis

73 534 164 565 sunt,
188 523 324 557 facilius
348 534 384 556 se
401 521 588 555 insinuant
612 521 647 554 in
672 519 734 555 hos
758 521 875 554 minus
900 519 1079 555 manifeste
1103 519 1282 557 deductos.

164 577 351 623 Postquam
377 575 520 607 Homeri
549 572 702 607 d'efectus
725 575 763 606 in
787 583 870 621 note.
898 586 930 607 ει
952 575 1108 608 numeris
1138 574 1285 609 indicati
1314 587 1411 618 sunt,
1442 590 1597 625 superest

72 633 190 667 dicere
213 629 453 677 gravissimum
485 639 656 669 errorem,
703 639 773 675 quo
806 639 841 661 se
874 628 912 661 iu
936 627 1046 676 gradu
1069 628 1187 663 aoristi
1212 627 1398 677 deceptum
1420 639 1600 668 monstrat.

70 688 251 732 Leguntur
274 687 519 724 λε-λαβεσθαι,
545 685 714 731 πεῇπιθε,
740 686 876 724 κεκλετο,
902 696 1011 728 πεφνε,
1044 682 1111 717 hoe
1134 692 1185 717 est
1205 684 1306 730 prioai=
1327 697 1410 732 pars
1433 686 1505 729 ejus
1528 686 1602 722 for-

70 739 254 780 mationis,
288 748 379 786 quae
406 736 551 784 perfecti
582 747 713 771 nomen
733 736 838 781 habet
872 736 966 784 apud
989 748 1151 782 gramm.;
1200 738 1343 777 omnino
1368 737 1481 772 aliena
1504 749 1555 774 est
1578 753 1598 773 ι

70 794 292 842 simplicitate
316 792 434 827 aurisii
457 791 583 839 gradus
603 805 612 835 3
660 803 741 839 ergo
772 802 846 826 non
876 799 935 826 est.
959 788 1108 825 dicenda
1141 799 1235 833 nota,
1259 790 1321 825 sed
1345 790 1471 826 abusus
1493 802 1596 827 notae

71 857 139 891 est3
165 848 200 880 hi
223 847 321 880 modi
343 855 491 891 propter
515 845 633 878 addita
654 844 823 879 elementa
845 844 1007 878 videntur
1031 844 1184 886 deducti,
1209 854 1243 879 at
1265 846 1303 878 in
1327 844 1427 879 nullo
1449 858 1514 880 usu
1528 856 1598 882 tem

70 900 248 949 simplices
272 907 353 934 sunt
376 910 482 951 quam
506 898 543 939 iu
567 909 764 944 aor.;e1·go
789 898 827 931 in
851 909 923 935 aor
947 899 1016 932 orti
1038 907 1129 939 sunt,
1153 908 1269 945 neque
1288 907 1435 945 possunt
1456 899 1496 934 in
1518 911 1600 935 eum

70 956 163 991 duci.
187 953 335 990 Accedit
358 952 454 987 aliud
477 953 599 986 vitium
622 963 687 998 per
709 950 906 999 complures
935 952 1072 1001 linguas
1097 951 1330 999 divulgatum,
1364 965 1435 1001 quo
1463 954 1598 990 voce-les

69 1010 230 1044 ndieum
252 1015 398 1054 propter
427 1017 523 1046 eam,
554 1018 644 1052 quae
674 1005 849 1040 formandi
881 1018 985 1040 causa
1013 1005 1154 1041 advecta
1185 1015 1255 1048 est,
1288 1007 1536 1052 extruduntur3
1559 1011 1598 1043 in

69 1065 179 1110 πέφνε,
202 1062 328 1096 κέκλετο
352 1058 488 1095 vocales
509 1058 667 1093 radicum
689 1069 914 1093 evanuerunt.

160 1115 363 1155 Terminus,
388 1125 458 1160 quo
482 1112 606 1147 modus
620 1121 773 1147 ·vocatur
794 1113 1011 1155 infinitivus,
1043 1114 1083 1147 in
1113 1125 1151 1147 ea
1174 1114 1302 1156 forma,
1336 1127 1425 1163 quae
1449 1117 1597 1153 confinis

71 1181 121 1206 est
143 1169 299 1205 numeris
311 1167 440 1208 activis,
465 1166 558 1213 apud
571 1166 615 1201 H.
627 1165 883 1200 variisindiciis
894 1166 1098 1203 'exhibeturx
1123 1181 1213 1202 -mr
1235 1190 1253 1194 -
1267 1182 1313 1202 ειν
1334 1183 1439 1211 -εμεν
1464 1185 1598 1214 -εμεναι

70 1239 173 1267 -,»αι,·
197 1214 318 1262 forma,
344 1232 434 1268 quae
458 1219 604 1255 confinis
626 1228 679 1254 est
701 1220 855 1255 numeris
878 1220 1059 1263 reflexivis,
1084 1221 1255 1261 constanti
1271 1219 1406 1257 indicio
1424 1233 1496 1267 est,
1522 1239 1552 1260 e.
1566 1240 1596 1262 e.

69 1280 208 1311 ἱκέσθαι.
254 1276 318 1309 Uti
342 1274 536 1307 dementiae
560 1282 621 1314 est,
645 1276 712 1314 res,
737 1285 828 1319 quae
850 1274 888 1305 in
910 1285 1053 1306 sensum
1072 1273 1256 1307 oculorum
1269 1274 1408 1317 eadunt,
1431 1278 1594 1322 pluribus

70 1333 147 1366 sine
171 1342 291 1365 rerum
313 1325 553 1363 vicissitudine
575 1326 713 1361 variatis
736 1324 915 1361 vocabulis
935 1324 1114 1368 exhibere,
1159 1325 1208 1361 itin
1230 1326 1342 1362 multo
1365 1330 1477 1376 magis
1499 1331 1538 1366 in
1560 1345 1600 1368 re

70 1396 140 1419 tam
162 1383 296 1424 subtili,
321 1395 427 1429 quam
451 1382 485 1430 5?
511 1390 600 1415 terra
622 1379 716 1415 solus
740 1380 875 1419 animus
899 1380 971 1414 sive
993 1388 1117 1414 natura
1137 1393 1307 1427 personae
1333 1384 1505 1431 pereipit3
1529 1396 1598 1421 ter..

71 1493 217 1528 eximiae
242 1482 323 1526 {mis
346 1499 412 1531 est,
437 1497 471 1524 et
493 1488 599 1523 simul
622 1501 704 1524 cum
726 1488 884 1524 terminis
908 1487 1016 1523 animi
1038 1487 1293 1524 vicissitudines
1316 1488 1464 1536 indicam
1493 1506 1598 1540 prae-

71 1557 165 1580 terea
187 1546 289 1588 θέμεν
312 1554 347 1579 ει
368 1545 496 1586 &Auem
520 1555 592 1576 non
616 1551 709 1576 arcte
733 1542 851 1586 juncti·
867 1551 949 1576 sunt
971 1542 1149 1589 principio
1174 1544 1335 1586 termini,
1356 1546 1528 1591 quoniam
1551 1549 1598 1582 ad

71 1599 137 1634 alia
160 1597 464 1646 etinmeprineipin
485 1595 610 1643 referri
632 1603 788 1643 possunt,
813 1607 844 1631 e.
868 1607 897 1629 c.
920 1596 1024 1639 θέμεν
1047 1595 1092 1629 ad
1112 1594 1206 1639 ἡμεῖς
1227 1604 1262 1630 ει
1273 1597 1410 1639 θέμεναι
1428 1598 1596 1644 ειᾶκὸραι,

70 1656 141 1689 Αιι.
167 1655 207 1688 in
230 1652 415 1700 primitivis
440 1650 556 1685 alteris
580 1664 672 1693 -ναι,
699 1651 738 1684 in
762 1650 879 1685 alteris
901 1664 978 1684 -ειν
998 1658 1433 1698 constanterreceperum.

154 1707 291 1741 Forma
314 1706 449 1746 noi-isti,
486 1716 635 1751 quacum
658 1704 817 1749 jungitur
838 1712 1054 1749 postremum
1072 1715 1182 1749 genus
1211 1716 1441 1739 numerurm
1469 1708 1595 1752 primi..

73 1760 233 1803 tivorum,
257 1772 288 1797 ε.
312 1771 341 1796 c
367 1758 491 1804 ἔτυχθη
515 1760 549 1804 (η
574 1769 785 1821 quamquam
807 1765 859 1792 est
881 1755 1044 1792 ultimum
1064 1768 1177 1805 genus
1197 1757 1348 1798 numeri,
1372 1765 1489 1794 tamen
1510 1760 1596 1796 inde

73 1818 187 1851 oriun-
209 1816 396 1856 sententia,
428 1826 510 1862 ergo
534 1813 730 1860 primitivus
766 1817 828 1855 est)
857 1814 896 1847 in
926 1820 1072 1860 utraque
1096 1821 1208 1848 aetate
1231 1810 1386 1859 aequalis
1409 1823 1472 1858 est,
1497 1818 1596 1860 cujus

74 1881 175 1904 cause
197 1881 270 1903 esse
292 1867 439 1910 videtur,
463 1866 559 1915 quod
582 1878 620 1899 ex
643 1864 710 1909 adj
731 1866 827 1900 verb.
849 1865 1058 1908 deducitur,
1083 1877 1151 1913 quo
1179 1865 1232 1899 uti
1260 1874 1357 1901 certo
1381 1879 1444 1904 suo
1468 1869 1596 1904 funda-

73 1934 192 1960 mento·
216 1923 354 1966 nititur,
377 1931 412 1958 at
432 1921 566 1958 indicia
587 1920 728 1956 numeri
749 1919 843 1969 plur.
867 1929 944 1957 tert.
966 1920 1060 1956 varta
1079 1918 1174 1967 apud
1186 1917 1251 1956 ΗΛ
1274 1934 1390 1966 -ησεν,
1417 1937 1492 1968 -ην,
1518 1937 1592 1967 -εν,

74 1979 150 2012 sine
173 1979 271 2012 omni
294 1990 396 2012 eausa
418 1978 492 2021 κείς
517 1988 667 2023 quorum
690 1977 733 2011 A.
757 1976 915 2023 primum
934 1977 975 2011 in
988 1982 1206 2010 constantem
1220 1987 1325 2011 usum
1338 1986 1597 2015 converterunt.

165 2029 382 2081 Postremum
405 2030 443 2063 in
467 2030 578 2077 gradu
601 2041 672 2065 aor.
696 2038 854 2077 superest
877 2039 1147 2065 commemorare
1167 2028 1340 2071 defectus,
1365 2030 1426 2075 qni
1448 2030 1535 2065 inde
1557 2034 1598 2066 in

76 2084 247 2122 orationes
268 2084 401 2122 Atticas
422 2093 612 2121 venerunt:
636 2084 766 2129 ἀγαγεῖν
789 2092 842 2120 est
861 2082 971 2119 forma
994 2082 1134 2128 injusta,
1158 2090 1304 2131 propter
1327 2082 1474 2121 abusum
1495 2094 1596 2122 notae

1192 2138 1215 2174 4
