1931 2329
938 117 981 151 16

190 226 477 275 persequendum
502 235 571 260 est:
595 224 774 268 πολεμίζειν
797 231 833 257 et
853 225 1003 266 πολεμεῖν
1025 230 1216 270 utrumque
1236 221 1432 258 derivatum
1454 232 1515 264 est,
1540 233 1575 259 at
1588 223 1722 260 diversa

190 282 253 320 via,
279 292 348 326 qua
372 287 407 312 et
424 279 607 312 elementis
632 277 774 321 adjectis
788 285 822 310 et
834 284 981 310 accentu
1004 275 1181 318 differunt,
1201 285 1315 310 tamen
1338 278 1437 322 prius
1450 276 1581 316 dictum
1599 278 1722 314 discri-

189 346 269 368 men
287 345 353 381 per
374 345 496 367 omnes
520 331 643 380 gradus
666 330 840 377 pertinet3
864 328 955 363 illud
977 329 1121 364 Homeri
1145 341 1184 364 ex
1207 329 1391 373 adj..verb.
1415 330 1611 367 derivatum
1633 334 1721 368 mihi

190 386 339 429 videtur,
369 387 518 422 alterum
541 397 621 421 vero
646 384 816 427 Atticum,
842 396 884 417 ex
907 382 1023 419 dativo
1047 387 1188 431 πολέμῳ.

279 442 479 477 Postremae
502 439 636 486 species
659 448 742 473 sunt
764 438 1138 485 derivato-composita,
1161 447 1347 473 sumuntur
1368 438 1558 474 maximam
1587 450 1742 487 partem.

189 508 206 527 e
232 495 368 529 civitate
392 492 541 539 negotiis
567 500 677 533 aucta,
701 491 788 526 inde
810 492 940 527 mirum
962 502 1036 526 non
1067 499 1128 533 est,
1157 490 1338 539 pauciores
1369 503 1442 526 esse
1470 485 1585 540 prisea
1614 502 1722 529 aetate

189 561 295 596 quam
327 546 512 594 republica
548 546 771 593 amplificata,
808 554 926 580 tamen
961 554 1110 592 possunt
1149 546 1255 581 etiam
1294 545 1374 581 fieri
1404 540 1601 590 momentis,
1622 560 1723 596 >quae

186 604 362 636 civitatem
385 612 461 634 non
485 609 656 647 spectant:
681 599 923 643 ὥμοκλήσασκε,
949 599 1179 643 ἅμοθέτησαν,
1204 601 1395 644 κερτομέων,
1426 599 1567 634 adverb.
1599 600 1722 643 adject.

187 664 393 691 concretum
425 653 624 702 praeposita
654 652 770 697 vides3
810 652 929 701 itaque
960 653 1065 687 etiam
1099 652 1186 687 haec
1224 653 1359 701 species
1397 652 1494 703 apud
1531 653 1723 690 Homerum

189 722 348 757 expressa
381 718 448 751 est3
479 709 537 742 cui
567 709 606 741 in
629 707 740 753 gradu
763 708 957 754 praesentis
991 716 1025 741 et
1056 708 1228 741 narrantis
1259 707 1400 754 imperf.
1432 710 1572 743 numeri
1600 710 1654 743 uti
1685 710 1722 742 in

188 762 418 810 praecedente
443 761 562 808 specie
578 761 698 795 minus
712 769 792 808 apte
811 760 925 804 juncti
937 767 1035 803 sunt;
1058 769 1093 794 et
1110 761 1163 794 via
1178 759 1362 795 derivandi
1380 772 1412 797 e.
1429 772 1458 795 c.
1474 763 1725 805 βυσσοδομεύων

186 825 275 850 esset
299 815 396 862 apud
420 815 553 850 Atticos
575 814 803 857 βυσσοδομεῖν.

280 866 456 905 Hactenus
481 868 526 902 de
544 861 736 902 ‘modorum
759 878 898 914 quaque
929 869 1058 915 specie,
1088 868 1127 901 in
1165 880 1235 915 qua
1272 867 1495 914 potissimum
1528 869 1724 915 quaesitum

188 934 248 964 est,
282 932 457 970 quantum
490 922 675 962 conferret,
704 928 744 954 ut
767 919 893 967 gradus
928 929 1123 955 constantes
1156 929 1290 960 essent,
1329 928 1364 953 et
1388 920 1456 953 rite
1480 929 1724 963 noscerentur3

184 978 392 1024 priusquam
415 974 460 1008 de
483 984 713 1008 numerorum
736 973 909 1007 divisione
931 974 971 1006 in
990 973 1112 1019 lingua
1144 971 1359 1007 Graecorum
1387 971 1478 1007 facta
1494 981 1542 1010 >et
1571 971 1725 1007 adhibita

184 1032 385 1077 loquamur,
416 1039 558 1062 necesse
589 1034 642 1061 est
676 1024 850 1072 quaedam
885 1026 1029 1071 vestigia
1064 1024 1245 1066 ruditatis,
1284 1026 1324 1059 in
1364 1020 1579 1060 carminibus
1616 1028 1723 1073 epicis

187 1084 417 1131 deprehensa,
442 1089 582 1121 notare,
599 1079 735 1125 quippe
759 1078 887 1124 quibus
910 1078 999 1112 ratio
1023 1077 1196 1124 graduum
1218 1079 1368 1112 maxime
1388 1078 1518 1113 offensa
1541 1087 1604 1120 est,
1629 1079 1725 1126 quod

188 1150 262 1172 non
282 1135 326 1171 ad
342 1135 500 1169 habitum
515 1131 614 1166 modi
634 1142 751 1178 neque
775 1129 820 1164 ad
837 1129 969 1165 indicia
1001 1143 1231 1165 numerorum
1252 1132 1445 1178 pertinent,
1485 1131 1546 1166 sed
1575 1131 1650 1166 falsi
1691 1143 1724 1168 et

188 1191 346 1236 corrupti
381 1186 507 1234 gradus
532 1180 605 1219 esse
629 1183 813 1227 videntur3
846 1193 1008 1230 namque
1032 1185 1146 1219 modis
1178 1184 1372 1219 nonnullis·
1394 1187 1563 1232 cujusque
1594 1187 1724 1234 speciei

188 1243 360 1277 elementa
401 1241 539 1273 intrusa
576 1236 747 1277 videmus,
777 1235 874 1269 unde
909 1237 1072 1273 iterativa.
1120 1237 1349 1272 desiderativa
1393 1238 1580 1279 intensiva,
1618 1240 1723 1273 verba

187 1297 368 1331 nominata
398 1301 481 1327 sunt
511 1290 642 1337 (aptius
672 1289 801 1336 positio
831 1290 991 1324 iterativa
1014 1293 1105 1334 ete),
1155 1291 1204 1326 Ut
1237 1285 1310 1327 {reri
1339 1290 1468 1340 gradus
1497 1292 1724 1340 geniti‘sunt

188 1350 388 1396 cognitione
410 1343 626 1392 singularum
650 1343 787 1386 virium,
811 1355 899 1390 quae
923 1356 1005 1378 cum
1028 1345 1060 1378 vi
1087 1346 1266 1379 communi
1301 1354 1533 1380 commeatum
1562 1357 1724 1392 quaeque

187 1404 327 1443 habent,
361 1410 400 1434 ut
430 1400 521 1432 inter
544 1409 581 1431 se
612 1397 865 1430 commercium
896 1406 1093 1438 exerceant,
1125 1399 1173 1432 sic
1212 1400 1410 1444 ignorantia
1446 1411 1567 1434 earum
1603 1411 1722 1433 rerum

187 1458 255 1492 orti
278 1464 359 1490 sunt
382 1452 510 1502 gradus
533 1450 711 1497 corrupti3
737 1451 836 1493 cujus
861 1451 1006 1497 originis
1029 1459 1110 1485 sunt
1143 1452 1261 1494 ἕλεσκε,
1290 1453 1474 1497 λιλάιομένη
1504 1452 1721 1495 ποιπνύοντα;

187 1511 344 1545 iterativa
368 1506 464 1554 apud
489 1505 530 1539 H.
560 1504 769 1551 frequentia,
801 1512 916 1538 cetera
947 1513 1064 1539 autem
1094 1516 1182 1540 rara,
1224 1505 1271 1538 -In
1302 1504 1425 1553 lingua
1456 1504 1553 1540 cultu
1586 1505 1721 1541 Graeco

187 1564 331 1604 confini,
355 1561 413 1596 cui
436 1570 518 1594 vero
542 1557 681 1592 lucidus
714 1555 801 1591 ordo
840 1556 976 1591 dudum
1011 1557 1157 1599 interiit,
1182 1556 1369 1601 Sanscrita,
1400 1559 1611 1594 creberrima
1641 1569 1722 1594 sunt

187 1618 246 1652 illa
273 1615 438 1651 enormia.
487 1613 529 1647 In
553 1610 667 1647 modis
691 1623 711 1645 a
733 1610 889 1658 simplici
921 1611 1039 1658 specie
1072 1610 1186 1645 exorsi
1214 1612 1371 1646 venimus
1401 1613 1446 1647 ad
1480 1612 1721 1664 plenissimam

188 1672 352 1719 speciem,
379 1675 541 1714 quaeest
564 1665 942 1712 derivato-composita,
967 1665 1005 1697 in
1030 1664 1139 1706 his„e
1163 1666 1342 1699 communi
1358 1665 1428 1699 vita
1446 1665 1618 1713 petendis,
1641 1679 1721 1700 vera

187 1722 371 1773 plenitudo
398 1728 466 1763 est3
502 1719 690 1767 singulares
712 1719 806 1753 vires
830 1718 869 1753 in
900 1727 973 1753 arte
1007 1716 1178 1765 loquendi
1209 1724 1278 1754 tam
1311 1728 1435 1769 ⁴tenues
1463 1729 1583 1762 sunto,
1605 1729 1654 1756 rut
1682 1721 1720 1754 in

186 1780 362 1826 positione
390 1772 487 1809 unde
520 1774 631 1807 oritur
661 1773 842 1814 sententia,
877 1771 960 1807 solis
995 1773 1151 1806 numeris
1183 1772 1397 1815 indicentur,
1427 1782 1466 1807 ut
1498 1773 1721 1809 sinevnimiu

187 1844 286 1866 mora
310 1832 429 1863 ineant
452 1825 577 1861 modos
599 1834 635 1859 et
655 1834 797 1869 exeant;
824 1826 855 1860 si
877 1837 962 1860 vero
986 1826 1202 1872 stagnatione
1233 1826 1384 1874 quadam
1412 1827 1541 1861 virium
1568 1825 1720 1872 singula-

187 1888 282 1919 rium
323 1882 434 1917 modis
472 1878 703 1915 intrudantur
741 1877 929 1921 elementa,
964 1878 1053 1914 salsa
1089 1878 1272 1926 plenitudo
1311 1880 1434 1922 oritur,
1471 1891 1561 1927 qua-e
1593 1880 1717 1916 mentis

187 1937 426 1984 cognitionem
450 1943 484 1968 et
505 1934 613 1967 animi
638 1932 773 1966 cultum
796 1943 871 1966 non
892 1933 1006 1967 solum
1026 1932 1119 1967 nihil
1150 1935 1253 1975 iuvat,
1283 1933 1346 1968 sed
1374 1938 1592 1979 magnopere
1615 1934 1719 1968 etiam

187 1989 354 2038 impedit:
380 1986 478 2022 modi
502 1984 655 2034 agendae
677 1985 742 2027 rei,
769 1984 833 2032 qui
858 1995 1060 2024 communes
1080 1994 1175 2029 sunt,
1198 1985 1361 2022 videntur
1384 1997 1457 2021 esse
1483 1987 1621 2034 privati,
1644 1987 1718 2023 veri

188 2044 312 2092 gradus
337 2041 525 2078 modorum
548 2039 778 2086 repelluntur,
811 2039 977 2075 narrandi
1001 2052 1066 2087 per
1097 2041 1313 2081 iterativum,
1344 2040 1480 2076 futurae
1511 2042 1568 2077 rei·
1591 2037 1718 2089 gradus
