1931 2329
934 136 954 169 9

178 245 363 285 declinent,
387 242 563 285 invitum,“
580 251 614 277 et
629 253 693 291 per
714 250 869 289 tempora
890 241 1000 276 solum
1015 243 1097 290 pati.
1125 240 1178 277 Ne
1197 241 1265 277 hoc
1287 242 1443 290 quidem,
1468 255 1510 278 ex
1534 244 1705 292 ampliore

177 299 288 347 spatio
299 296 521 343 humanitatis
537 294 796 343 depromptum,
807 304 899 330 caret
909 295 1139 329 similitudine
1150 298 1235 339 ejus,
1249 297 1344 343 quod
1359 298 1396 329 in
1407 299 1603 342 angustiore
1612 301 1706 347 posi-

177 363 251 388 tum
263 361 328 396 est3
342 348 470 400 puerili
485 359 594 386 aetate
604 349 759 383 animata
767 349 815 383 vis
825 348 951 388 multas
975 349 1126 384 actiones
1143 349 1290 393 adamat,
1300 359 1456 385 versatur
1469 351 1507 385 in
1522 352 1574 394 iis,
1594 353 1704 388 infert

175 408 214 440 in
237 406 324 441 alios
342 415 550 451 rursumque
572 402 719 451 recipit,
744 410 779 437 at
801 401 1041 438 adolescentis·
1053 411 1163 451 aetate
1186 402 1336 451 amplius
1360 404 1568 447 consilium,
1589 408 1703 442 nescit

177 460 282 500 unde,
309 457 464 493 animum
481 456 636 499 incessit,
660 455 756 504 quod
777 464 817 491 ut
838 465 952 491 teneat
975 457 1207 491 necessarium
1222 457 1319 493 videt
1340 458 1409 494 ali·
1428 471 1572 507 prorsus
1583 472 1701 496 aman-

176 514 277 555 dare,
308 511 374 546 alia
392 520 546 553 mutare,
577 510 709 554 abiecta
721 510 836 545 ‘novis
867 517 1105 557 compensare,
1128 509 1243 545 simile
1265 520 1316 546 est
1337 524 1410 548 non
1421 513 1537 557 idem,
1567 514 1701 562 quippe

174 567 285 614 spatia
308 566 473 614 temporis
491 563 730 599 intercedente
753 564 854 611 genio
877 564 1003 611 populi
1027 565 1206 599 nascentia
1229 567 1360 609 majora
1382 567 1452 601 sint
1473 578 1615 602 necesse
1637 577 1701 610 est,

176 613 284 668 quam'
308 631 349 654 ea
380 630 469 666 quae
492 618 582 653 fiunt
604 616 786 665 singularis
809 618 898 652 vitae
921 619 1022 664 genio
1052 630 1118 665 per
1140 627 1257 666 partes
1280 620 1437 668 corporis
1459 621 1698 657 intermeante.

263 673 326 708 Sic
349 671 447 719 quod
468 666 578 707 musta
601 670 779 712 vocabula,
804 671 930 718 quibus
954 672 1117 706 utebatur
1138 674 1236 719 prior
1259 682 1367 715 aetas,
1395 676 1570 722 posterior
1591 675 1699 710 multa

174 725 334 767 abolevit,
359 724 425 760 alia
447 725 604 769 refinxit,
626 725 758 769 abjecta
781 725 1110 775 compensavit-sive
1142 724 1297 760 deductis
1321 728 1393 761 sive
1416 729 1635 776 compositis,
1659 730 1698 763 in

173 779 299 827 quibus
320 780 477 827 utrisque
507 779 703 814 uberrimus
726 787 778 814 est
809 788 844 813 et
866 780 1049 826 genuimus
1071 779 1149 814 fons
1173 781 1369 813 recentium
1390 792 1521 822 rerum,
1543 794 1619 816 non
1646 792 1698 817 est

172 834 363 875 fortuitum,
387 845 503 880 neque
526 845 629 876 coeco
653 833 756 878 casui*
767 832 1003 877 tribuendum,
1027 832 1174 880 quadrat
1197 833 1236 866 in
1248 838 1392 880 magnos
1403 833 1505 868 orbes
1519 836 1698 882 temporis,

173 888 300 936 quibus
322 898 389 934 per
411 887 503 921 vices
526 886 740 934 excipiendis
763 886 830 921 vita
854 887 967 934 gentis
991 885 1149 921 cruditur
1170 890 1274 934 atque
1298 887 1441 929 colitur,
1472 887 1517 922 ad
1539 887 1699 924 altiorem

173 940 320 989 gradum
342 940 493 982 affertur,
516 940 589 983 ubi,
611 948 798 988 postquam
821 941 1004 989 requievit,
1027 952 1115 976 nova
1139 939 1283 975 consilia
1299 951 1436 988 praesto
1448 952 1540 978 sunt.
1564 942 1699 978 Verum

173 996 236 1029 hac
265 994 383 1041 ampla
411 995 559 1035 fortuna,
596 1001 666 1027 tam
689 992 781 1027 felici
805 993 1018 1027 conditione.
1031 995 1123 1035 artis,
1148 1006 1238 1041 quae
1262 995 1477 1029 nobilissima
1497 1004 1597 1043 parte
1621 1008 1697 1031 cor-

171 1049 267 1096 poris
291 1046 424 1089 editur,
449 1044 629 1088 colendae,
653 1057 726 1080 nou
749 1046 878 1080 multae
903 1055 1038 1092 gentes,
1062 1046 1196 1080 nedum
1226 1060 1346 1081 omnes
1369 1061 1451 1081 usae
1487 1058 1583 1091 sunt3
1612 1063 1696 1084 nam

173 1101 301 1149 quibus
331 1100 462 1135 viribus
494 1099 677 1146 singularis
696 1108 830 1134 ,natura
861 1099 900 1132 in
931 1099 1049 1145 aliquo
1084 1100 1174 1141 vitae
1205 1100 1317 1145 gradu
1351 1101 1508 1135 evehitur
1540 1101 1695 1137 adhibito

172 1155 336 1196 consilio,
360 1151 485 1187 iisdem
508 1152 666 1199 neglecto
689 1153 774 1188 ruit.
811 1151 993 1186 Geruutur
1015 1161 1154 1199 praeter
1177 1153 1372 1187 orationem
1384 1154 1421 1188 in
1445 1154 1587 1202 populis
1611 1155 1697 1190 aliae

173 1210 276 1243 etiam
300 1216 408 1249 artes,
439 1219 589 1254 quarum
621 1205 790 1254 quaedam
821 1202 1023 1253 dignitatem
1055 1207 1292 1241 ornatissimae
1322 1208 1489 1241 orationis
1518 1220 1695 1256 superant,

171 1263 310 1309 linguae
333 1273 405 1296 non
429 1268 606 1307 superant,
631 1258 708 1294 dico
733 1268 841 1293 artem
864 1261 1031 1305 cujusque
1055 1258 1164 1293 officii
1186 1259 1276 1292 bene
1298 1259 1443 1305 agendi,
1467 1270 1548 1294 sunt
1565 1274 1694 1308 genera

171 1324 395 1351 venustarum
420 1314 563 1356 artium,
599 1323 698 1357 sunt,
731 1313 857 1361 quibus
880 1313 989 1346 victus
1011 1320 1170 1359 paratur,
1205 1320 1421 1358 postremum
1444 1326 1532 1361 quae
1556 1317 1695 1362 copiam

172 1370 338 1404 materiae
360 1368 456 1403 utilis
481 1377 691 1414 congerunt,
723 1368 820 1401 hisce
842 1367 943 1400 multi
966 1366 1098 1412 posteri
1122 1377 1212 1399 suos‘
1225 1375 1334 1400 aetate
1356 1369 1504 1411 majores
1536 1370 1695 1412 vicerint,

173 1423 327 1471 quamvis
351 1421 503 1456 multum
535 1420 708 1460 deminuti
732 1429 804 1454 arte
834 1418 1020 1465 loquend13
1054 1417 1121 1453 soli
1151 1418 1402 1461 Athenienses,
1439 1432 1590 1468 quorum
1613 1423 1694 1458 reli-

172 1479 388 1524 giones-‘non
413 1487 529 1510 moror
551 1474 738 1516 hocloco,
787 1486 896 1521 quum
931 1471 1143 1520 procedente
1178 1481 1336 1520 tempore
1370 1473 1493 1508 eodem
1525 1476 1637 1512 modo
1656 1491 1694 1513 ac

173 1540 307 1567 ceterae
335 1531 494 1565 nationes
529 1530 567 1562 in
599 1526 743 1574 reliquis
785 1527 916 1561 artibus
948 1526 1163 1573 experientia
1194 1527 1330 1569 juvante
1367 1537 1400 1560 et
1435 1528 1691 1565 vehementiore

173 1584 332 1633 quotidie
356 1583 547 1632 quaerendi
569 1583 679 1616 victus
703 1580 857 1628 impulsu
881 1580 1105 1628 augebantur,
1129 1588 1205 1614 tum
1227 1581 1393 1628 inlingua
1410 1579 1556 1616 colenda
1569 1586 1692 1632 aequis

170 1638 327 1685 passibus
350 1636 612 1686 progredientes
635 1648 672 1670 se
694 1636 763 1682 ipsi
786 1643 954 1670 auxerunt
976 1647 1084 1682 usque
1119 1633 1165 1668 ad
1187 1634 1424 1669 Alexandrum
1449 1648 1587 1682 regem,
1624 1652 1693 1685 qua

172 1701 373 1739 tempestate
398 1692 530 1726 Atticae
553 1690 717 1725 orationis
741 1689 962 1736 compagines
987 1688 1159 1729 fatiscunt,
1182 1700 1247 1721 nec
1257 1688 1354 1722 ultra'
1366 1689 1497 1724 alienas
1518 1690 1691 1737 impetigi-

172 1758 231 1780 nes
256 1758 373 1780 arcere
397 1744 520 1779 valent.

265 1790 435 1834 Adeamus
459 1798 599 1833 tandem
616 1799 691 1845 ipsa
712 1804 935 1830 monumenta
949 1795 1094 1830 Homeri
1111 1798 1256 1843 ejusque
1282 1796 1496 1844 aequalium3
1525 1798 1692 1845 leguntur

172 1854 292 1896 verba,
329 1865 479 1901 quorum
509 1851 607 1886 radix
638 1848 783 1885 offendit
811 1849 981 1883 rationem
1013 1850 1184 1895 primitivi
1207 1845 1320 1891 verbi,
1355 1852 1449 1892 cujus
1474 1850 1613 1887 habitus
1637 1853 1690 1887 vel

172 1907 319 1955 simplex
335 1908 388 1943 ¹sit
410 1918 549 1942 necesse
573 1914 633 1948 est,
658 1904 713 1940 vel
736 1903 954 1952 simplicibus
979 1902 1159 1939 elementis
1189 1905 1255 1938 rite
1278 1912 1479 1949 congestus3
1507 1910 1687 1951 μερμεριξε,

171 1954 350 2000 ὄπιπτὲνεις
373 1974 549 2002 ερυκακεειν
571 1972 707 2003 κιχανω,·
738 1960 788 1991 sic
812 1956 1060 2005 quadrifariam
1084 1970 1103 1991 e
1126 1958 1214 1991 sanis
1232 1956 1427 1998 elementis,
1452 1959 1576 1993 omisso
1598 1961 1689 1994 inter

155 2025 274 2059 msum,
299 2014 464 2054 consilio,
496 2012 661 2050 vocabula
691 2010 859 2054 eduntur,
897 2024 986 2060 quae
1010 2021 1100 2046 extra
1123 2012 1250 2054 justum
1276 2009 1436 2045 habitum
1464 2019 1559 2053 sunt,
1591 2015 1689 2057 cujus

173 2066 270 2103 modi
293 2068 446 2114 exempla
470 2068 508 2102 in
531 2068 659 2115 linguis
694 2065 897 2103 rudioribus
919 2064 1170 2113 vulgatissima3
1201 2062 1314 2111 pauca
1345 2063 1486 2111 quidem
1514 2066 1552 2099 in
1576 2068 1688 2113 prima

1272 2122 1291 2152 2
