1931 2329
870 144 910 175 31

119 252 306 295 πολεμίζειν,
332 245 498 291 nonenim
524 248 736 296 plerumque
762 258 876 283 autem
900 250 935 282 in
962 248 1030 282 alio
1062 248 1182 282 habitu
1205 259 1260 282 res
1285 258 1336 282 est
1359 249 1435 285 alia,
1485 251 1644 293 Quorum

118 307 199 340 finis
223 315 274 340 est
296 314 497 344 consonans,
522 303 564 338 iis
589 300 681 348 apud
706 302 749 337 H.
773 311 808 335 et
832 304 872 335 A.
898 301 1019 335 eadem
1049 303 1186 335 ratione
1216 311 1298 336 sunt
1328 305 1513 346 conjuncta
1543 306 1646 339 activi

118 360 257 394 numeri
280 356 469 406 indiciasset
492 365 573 390 sunt
596 355 726 389 indicia
754 356 1035 401 primitivorum,
1072 354 1169 403 quod
1199 367 1393 390 consonans
1426 367 1516 399 nota,
1553 371 1644 404 quae

118 416 154 447 in
179 412 322 460 gradum
347 411 537 458 praesentis
561 411 612 443 rei
637 409 789 451 deducit,
804 422 886 454 *non
918 409 1084 456 impedit,
1122 411 1208 456 quin
1243 410 1359 457 prima
1399 410 1528 445 indicia
1561 413 1644 445 reti-

118 475 275 501 neantur.
308 465 353 497 At
376 465 404 497 si
427 463 636 498 vocabulum
662 473 744 498 nota
768 463 880 498 vocali
905 464 942 497 in
968 462 1114 509 gradum
1139 465 1191 496 rei
1213 465 1404 510 praesentis
1438 463 1643 501 deflectitur,

118 521 188 554 sive
210 530 276 565 per
298 531 319 551 α
343 518 414 551 sive
438 528 502 563 per
525 530 539 550 ε
574 518 644 550 sive
668 528 733 564 per
765 530 794 559 o,
829 526 914 550 tunc
954 517 1132 563 antiquior
1172 526 1263 552 aetas
1301 519 1338 550 in
1372 533 1392 551 α
1426 527 1460 551 et
1490 533 1503 551 ε
1535 521 1646 551 nescit

117 573 183 605 hac
206 571 475 611 occasione-uti,
499 578 536 603 ut
559 571 646 613 justa
670 571 780 603 forma
805 571 886 613 fiat3
917 570 1129 617 plerumque
1160 568 1292 603 indicia
1327 572 1374 605 ita
1405 574 1501 613 juxta
1533 573 1645 618 posita

88 635 206 667 ,·sunt‚
245 625 344 672 quasi
380 622 510 657 vocalis
537 622 635 657 modi
668 633 702 657 et
733 623 944 657 elementum
979 624 1116 656 numeri
1142 624 1297 657 diversae
1322 632 1464 658 naturae
1514 635 1643 666 essent3

118 688 224 718 certo.
246 687 372 711 tamen·
393 678 531 711 numeri
557 678 620 711 hac
644 676 723 724 lege
747 678 819 711 nati
844 686 935 718 suut,
968 686 1006 711 ut
1029 689 1109 711 cum
1142 676 1252 712 vocali
1285 678 1472 714 modorum
1498 678 1646 713 efficiant

118 732 245 766 formas
269 731 406 765 ratione
431 732 534 774 justas
559 740 594 766 et
617 730 758 777 auribus
782 740 904 778 gratas.
1392 745 1395 746 ⁷

207 784 347 819 Praeter
362 794 519 833 ,quatuor
541 785 645 821 hosce
667 784 804 833 gradus,
838 797 923 833 quos
956 784 1053 819 modi
1086 788 1251 832 cujusque
1282 790 1413 833 speciei
1445 799 1640 835 permeant,

117 850 156 874 ut
179 851 341 873 numeros
366 839 685 885 suscipiant,·unde
708 848 801 873 tanta
824 841 1041 887 positionum
1066 840 1167 886 copia
1189 838 1327 887 provisa
1358 850 1409 874 est
1439 843 1601 882 orationi,
1629 856 1645 873 ,ι

116 895 217 941 genio
250 894 331 927 artis
363 892 535 939 loquendi
564 892 634 928 duo
665 894 848 928 interiores
880 893 1005 940 gradus
1040 893 1175 928 conditi
1204 903 1296 937 sunt,
1327 894 1422 929 unde
1456 897 1643 943 positiones

90 964 94 968 ⁸
116 947 291 987 exsistunt,
316 946 444 993 quibus
469 947 653 982 tenerrima
673 947 853 995 pigmenta
877 948 1075 981 sententiae
1090 949 1357 995 impertiuntur3
1380 950 1552 984 nominati
1567 959 1645 981 sunt

115 1001 266 1047 optativa
296 999 407 1034 forma
429 1009 472 1039 ‚et
502 1002 737 1044 conjunctiva3
772 1001 871 1048 prior
895 1001 939 1034 ad
966 1000 1093 1048 gradus
1117 1003 1286 1042 narrandi
1308 1005 1453 1051 propius
1478 1003 1644 1037 accedere

114 1053 262 1095 videtur,
286 1052 392 1087 altera
415 1053 458 1086 ad
482 1053 627 1100 gradum
649 1055 699 1088 rei
724 1055 881 1098 futurae3
914 1068 994 1089 cum
1017 1054 1130 1089 forma
1152 1055 1350 1102 imperandi
1384 1056 1645 1091 habearcom-

114 1120 232 1149 mune,
257 1106 352 1155 quod
375 1107 491 1148 solum
512 1120 674 1143 numeros
694 1109 890 1156 primitivos
913 1109 1111 1155 accipiunt,
1144 1121 1260 1156 neque
1292 1106 1482 1144 terminum
1513 1110 1643 1148 infinit,

115 1175 231 1210 neque
263 1173 427 1195 numeros
459 1173 527 1205 eos,
558 1161 699 1212 quibus·
719 1162 889 1196 vocabula
922 1162 1014 1199 dicta
1046 1171 1128 1196 sunt
1159 1162 1355 1209 participia.
1415 1164 1543 1197 Forma
1573 1173 1644 1210 opt.

114 1229 181 1264 per
232 1215 444 1250 clementum
482 1229 493 1248 ι
527 1216 705 1262 accipiunt
729 1227 895 1249 numeros
925 1217 1063 1256 activos,
1099 1216 1291 1256 reflexivos,
1323 1217 1495 1262 passivos;
1528 1217 1642 1250 forma

115 1271 291 1314 conjunct.
320 1281 385 1316 per
415 1268 571 1304 vocalem
601 1269 754 1302 adsumit
782 1281 963 1310 namet-0⁵3
994 1269 1079 1301 inde
1111 1270 1227 1302 statim
1249 1281 1431 1314 possumos
1461 1270 1642 1317 colligere,

113 1324 240 1361 formas
272 1316 343 1371 opt.
375 1322 521 1357 Homeri
550 1322 661 1357 multo
685 1323 794 1369 magis
818 1322 1006 1355 convenire
1030 1321 1155 1356 Atticis
1179 1334 1285 1367 quam
1314 1322 1442 1358 formas
1467 1327 1642 1366 conjunct.

115 1380 159 1413 In
183 1378 344 1414 omnibus
376 1377 496 1411 formis
525 1389 630 1424 supa-a
660 1377 752 1410 inter
783 1376 826 1410 H.
857 1385 892 1410 et
919 1377 961 1409 A.
995 1376 1200 1422 comparatis
1230 1376 1395 1412 vidimus
1415 1377 1469 1411 vel
1507 1377 1643 1412 easdem

114 1433 168 1468 vel
192 1433 342 1466 maxime
366 1430 495 1465 similes
519 1443 592 1465 esse
614 1431 652 1464 in
674 1429 801 1469 modis,
825 1430 887 1477 qui
913 1438 1125 1465 consonante
1147 1430 1327 1477 recipiunt
1348 1431 1478 1465 indicia
1492 1434 1644 1467 numeri.

113 1487 263 1521 multum
287 1497 368 1520 vero
393 1478 543 1519 diversas
566 1485 605 1518 in
638 1484 680 1518 iis
707 1482 832 1534 ωορἰε,
863 1485 925 1530 qui
954 1483 1067 1518 vocali
1098 1484 1287 1517 adsumunt
1320 1485 1453 1520 indicia
1485 1488 1642 1526 numeri3

114 1541 324 1588 elementum
349 1537 370 1581 i,
397 1550 468 1586 quo
491 1538 619 1585 recipit
641 1549 828 1571 numerum
851 1537 962 1572 forma
986 1547 1069 1585 opt„
1091 1546 1142 1571 est
1152 1538 1337 1585 persistens
1353 1540 1405 1572 uti
1429 1550 1641 1578 consonansg

113 1594 198 1629 inde
221 1594 307 1628 haec
329 1589 441 1627 forma
464 1593 554 1626 inter
577 1591 621 1625 H.
645 1600 679 1625 et
701 1592 743 1624 A.
769 1591 891 1625 eadem
915 1600 976 1625 est.
1027 1592 1159 1625 Iudicio
1183 1593 1320 1625 numeri
1344 1591 1458 1625 differt
1475 1592 1641 1627 dialectus

112 1648 227 1694 prisca
250 1647 289 1680 in
314 1655 390 1681 tert.
408 1646 518 1694 plur„
542 1644 605 1679 ubi
628 1659 650 1678 α
673 1657 739 1692 pro
763 1659 781 1678 ν
804 1658 908 1692 saepe
930 1644 1070 1692 legitur.
1119 1645 1177 1678 Uti
1211 1644 1321 1695 forma
1356 1655 1428 1692 opt.
1454 1645 1496 1679 H.
1522 1645 1641 1679 eadem

114 1709 219 1748 atque
243 1701 370 1742 Attica,
394 1701 443 1735 sic
466 1713 531 1734 usu
554 1699 657 1733 etiam
681 1700 851 1733 convenit.

205 1755 248 1789 In
282 1754 393 1790 forma
429 1755 603 1797 conjunct.
634 1753 777 1787 Homeri
823 1765 852 1787 e.
883 1765 913 1788 c.
961 1764 1127 1796 ετπ-η-σι
1159 1752 1331 1786 indicium
1363 1753 1500 1786 unitatis
1539 1753 1641 1787 habet

114 1810 285 1844 elementa
309 1821 385 1852 -m,·
410 1810 523 1849 Attice
547 1816 598 1841 est
621 1822 674 1849 -ι,·
700 1816 813 1840 cetera
835 1807 967 1841 indicia
991 1818 1219 1841 numerorum
1244 1808 1279 1839 in
1308 1818 1414 1842 carm.
1440 1819 1483 1853 ep
1515 1807 1639 1841 iisdem

113 1864 293 1902 elementis
317 1872 422 1910 atque
445 1863 483 1895 in
507 1862 660 1896 oratioue
682 1861 799 1895 Attica
822 1871 903 1896 sunt
926 1862 962 1895 in
995 1860 1059 1894 hac
1094 1861 1219 1900 forma,
1242 1868 1284 1898 ,at
1315 1872 1418 1908 saepe
1454 1873 1528 1894 non
1562 1873 1640 1895 sunt

112 1916 173 1951 illa
197 1916 369 1951 elementa
392 1918 574 1959 conjuncta
598 1927 680 1949 cum
703 1915 857 1962 simplici
880 1915 992 1950 vocali
1013 1915 1149 1953 radicis,
1180 1925 1207 1946 e.
1242 1925 1270 1947 c.
1304 1916 1421 1956 δω-ω,
1458 1920 1553 1949 θε-ιυ
1577 1929 1641 1961 pro
1676 1946 1682 1953 ,

114 1972 172 2011 διῖ,
193 1975 271 2014 θῶς
295 1971 333 2004 in
356 1983 513 2013 ι-ο-μεν
536 1970 690 2013 junctum
714 1969 843 2013 injusto
879 1968 991 2007 vocali
1013 1966 1122 2014 gradu
1146 1975 1207 2003 est.
1255 1966 1318 2001 Uti
1332 1970 1503 2012 conjunct.
1529 1968 1641 2002 forma

113 2024 158 2059 H.
182 2024 225 2057 ab
248 2027 292 2059 A.·
315 2024 423 2070 magis
448 2023 574 2065 differt,
600 2037 705 2071 quam
729 2032 812 2070 opt„
836 2024 887 2059 sic
917 2035 997 2058 usus
1021 2018 1136 2055 minus
1167 2022 1347 2065 convenit3
1384 2033 1464 2055 nam
1498 2021 1540 2056 H.
1565 2034 1641 2056 eam

115 2078 256 2113 adhibet
279 2076 458 2113 interdum
481 2078 520 2112 in
543 2090 598 2120 re,
630 2089 737 2123 quam
758 2078 796 2111 in
819 2078 931 2113 Attica
955 2076 1110 2112 oratione
1134 2088 1198 2123 per
1222 2085 1290 2123 opt.
1316 2088 1513 2122 expressam
1537 2077 1640 2109 fuisse
