1931 2329
884 106 904 138 7

131 225 223 256 sunt,
247 223 290 248 ct·
304 214 341 247 in
365 212 501 261 generis
524 209 765 247 conditionem
786 209 989 254 reserenda3
1014 219 1049 245 at
1063 222 1175 259 quum
1188 210 1225 244 in
1244 212 1419 247 communi
1433 210 1583 260 quadam
1600 224 1659 259 ge-

130 269 222 303 neris
245 268 346 301 ruina
377 266 486 313 ipsius
509 265 677 300 orationis
698 268 816 312 Partes
843 265 993 311 graviter
1014 264 1128 300 laesae
1147 274 1272 307 essent,
1285 265 1402 300 saucia
1424 278 1496 301 non
1519 267 1658 309 abjecit,

129 322 279 357 retexuit
301 318 437 360 inertia,
462 327 496 353 et
519 330 539 352 e
559 318 703 366 puriore
724 318 822 354 fonte
845 318 936 354 vocis
968 318 1124 361 refinxit,
1160 318 1305 353 duriora
1335 318 1483 354 mollivit
1510 329 1545 355 et
1568 320 1657 354 fluxa

130 376 299 418 firmavit3
324 385 356 408 et
379 373 502 421 genius
527 372 746 415 Graecitatis,
770 373 833 421 qui
854 374 923 416 jam
943 373 1098 421 propriis
1118 373 1246 408 finibus
1264 372 1422 408 habitare
1444 373 1558 416 vellet,
1581 375 1657 409 sin-

129 430 216 479 gulis
239 427 416 464 vocabulis
440 426 564 470 tribuit
586 428 662 462 eam
684 425 767 469 vim,
794 438 904 473 quam
936 427 1093 475 exigebat
1113 428 1202 462 ratio
1225 427 1271 462 de
1292 427 1454 476 partibns
1484 429 1656 463 societatis

129 491 314 532 conceptu
338 483 389 517 sic
412 490 450 517 et
468 481 548 515 satis
571 481 764 518 testimonii
788 479 943 523 ejusdem
966 493 1049 515 cum
1071 481 1266 515 confinibus
1300 482 1448 533 originis
1477 483 1656 523 remansit,

127 536 422 585 prohibitumque
439 542 490 569 est
513 546 558 583 ne
580 546 721 583 prorsus
745 547 765 568 a
787 546 914 581 geneie
939 534 1187 576 alienarentur,
1213 530 1401 583 relictaque
1413 545 1502 572 esset
1521 536 1655 572 occasio

128 591 378 625 commercium
390 589 588 623 animorum
601 601 680 623 cum
694 588 878 631 disjunctis
888 587 1079 636 aliquando
1087 588 1290 636 repetendi;
1307 598 1457 625 attamen
1469 591 1655 637 proprium

126 656 227 678 suum
249 642 368 678 locum
392 641 566 689 insignem
588 641 627 676 in
649 651 777 688 genere
800 640 955 676 humano
980 654 1153 690 occupare
1177 654 1318 678 necesse
1340 643 1416 685 fuit,
1442 644 1506 691 qui
1528 642 1655 690 gradus

127 698 227 733 nobis
251 709 321 732 una
342 697 398 732 via
420 706 480 739 est,
505 708 575 744 qua
598 693 644 731 ad
666 695 771 731 vitam
794 706 929 739 eorum,
952 705 1139 745 postquam
1168 695 1221 732 dc·
1243 696 1319 734 solo
1353 706 1466 733 terrae
1495 695 1655 737 decessit,

75 771 87 774 Α
128 750 344 792 accedamus,
368 760 403 785 et
433 749 666 799 exploremus,
695 762 785 798 qnae
815 749 886 784 illis
909 752 1063 786 rationes
1095 752 1269 786 societatis
1296 752 1450 785 fuerim:
1479 763 1564 784 nam
1584 752 1655 784 nisi

126 806 192 841 hoc
216 805 315 841 nobis
340 804 503 850 contigit,
524 815 621 838 mera
641 804 747 838 verba
771 815 893 840 eorum
914 817 1009 853 pene
1031 805 1155 839 inanes
1168 801 1423 853 modulationes
1446 804 1540 840 vocis
1563 812 1656 839 sunt.

125 861 261 894 Locum
299 857 407 892 illum
440 857 530 892 enisi
563 858 800 906 comperimus
835 855 995 895 mm'ina*
1024 858 1168 895 Homeri
1196 860 1371 896 intuentoe
1403 857 1656 907 amplissimam

92 952 95 955 ,
125 914 279 961 speciem
310 911 491 953 societatisj
518 913 616 954 cujus
649 913 741 947 vires
776 911 885 947 modo
922 912 1101 949 solitariae
1130 914 1312 961 negotium
1340 923 1518 962 peragunt
1548 912 1654 948 modo

125 966 262 1014 gravius
293 973 328 999 et
362 975 548 999 commune
578 963 762 1011 consilinm
791 967 1002 1009 conjunctae
1026 972 1278 1014 exsequuntur,
1326 979 1397 1014 qua
1426 965 1552 1001 sociali
1583 967 1653 1000 vita

126 1019 311 1067 angustum
332 1017 492 1064 spatium,
517 1015 615 1063 quod
636 1017 730 1052 iuter
750 1019 909 1052 membra
926 1028 962 1053 et
982 1031 1102 1053 sensus
1114 1020 1192 1053 nati
1207 1018 1363 1054 hominis
1385 1028 1448 1060 est,
1469 1020 1654 1058 mix-amin

124 1071 269 1108 modum
300 1079 442 1105 auctum
472 1077 508 1104 et
544 1068 799 1116 amplificatum
829 1080 920 1113 erat,
959 1070 1035 1106 ubi
1060 1070 1213 1106 multum
1250 1071 1398 1107 luminis
1424 1084 1444 1106 e
1475 1074 1654 1108 communi

124 1139 244 1162 rerum
279 1124 449 1160 memoria
486 1122 595 1169 animi
629 1122 820 1167 haberent,
855 1123 1008 1160 multum
1041 1124 1261 1161 fortitudinis
1289 1137 1309 1160 e
1337 1126 1491 1174 perenni
1527 1126 1655 1160 virtute

125 1180 314 1225 societati33
344 1186 532 1226 praeterea,
564 1189 672 1225 quum
706 1177 832 1225 agendi
862 1191 1017 1222 normae,
1048 1192 1139 1227 quse
1168 1180 1206 1213 in
1238 1179 1403 1213 societate
1434 1187 1529 1222 sunt,
1560 1180 1656 1214 casui

124 1235 275 1268 nimium
297 1233 513 1280 permittant,
537 1239 572 1266 et
593 1230 686 1266 bona
707 1231 845 1266 indoles
867 1231 954 1267 inde
967 1233 1071 1267 eea-tis
1093 1232 1230 1278 legibus
1241 1225 1384 1266 {initum
1406 1232 1530 1275 iudicii
1547 1243 1652 1280 atque

124 1287 267 1336 imperii
297 1293 457 1321 sanctum
495 1296 625 1335 munus
659 1290 822 1334 appetat,
859 1283 1018 1320 videmus
1048 1284 1148 1319 illam
1179 1293 1419 1331 tempestatem
1452 1287 1558 1320 etiam
1585 1286 1654 1320 hoc

124 1341 235 1390 gradu
260 1339 423 1388 auspiciis
452 1339 628 1387 perfectae
649 1347 794 1389 naturae
826 1338 918 1381 duci,
951 1352 1064 1387 quum
1093 1339 1240 1375 eximiae
1269 1340 1448 1387 primitiae
1478 1340 1654 1375 nascentis

124 1395 275 1431 civitatis·
292 1392 451 1429 indidem
471 1393 509 1427 in
533 1393 690 1428 animum
711 1393 956 1437 reflectantur3
980 1402 1018 1428 et
1038 1392 1238 1435 doctrinae,
1262 1406 1352 1441 quae
1372 1392 1525 1443 singulas
1548 1406 1651 1428 sensu

124 1459 239 1499 captas
260 1461 315 1484 res
339 1448 455 1484 ceruit
473 1446 684 1495 rursumque
707 1447 842 1495 jungit,
862 1456 898 1482 et
926 1457 1081 1483 mentem
1108 1448 1148 1482 in
1179 1459 1280 1496 spem
1311 1448 1414 1511 erigit
1445 1448 1651 1497 cognitionis

122 1505 250 1539 limites
286 1503 416 1537 finibus
446 1502 573 1539 virium
609 1510 754 1537 naturae
784 1501 996 1549 exaequandi
1030 1501 1211 1550 praeclara
1245 1503 1362 1546 initia,
1393 1512 1428 1538 et
1462 1502 1650 1538 admodum

124 1571 205 1593 sana
229 1564 431 1604 argumenta
453 1555 493 1589 in
516 1553 589 1589 illis
612 1554 814 1590 hominibus‘
836 1556 1071 1604 τοροιίιιυῑιιτ.

216 1612 314 1656 Quae
343 1610 502 1658 proxime
525 1609 698 1658 disputata
727 1614 820 1653 suut,
851 1608 925 1646 dixi
957 1619 997 1645 ut
1024 1611 1147 1659 paucis
1168 1622 1412 1653 memorarem,
1437 1612 1501 1659 qui
1530 1623 1647 1645 rerum

126 1675 244 1713 captus
266 1666 306 1700 in
329 1663 597 1700 iishominibus
619 1664 729 1699 fuisse
747 1664 941 1707 videantur,
966 1676 1119 1713 quorum
1141 1665 1283 1701 vocibus
1306 1666 1412 1700 verba
1436 1667 1474 1700 in
1496 1666 1646 1712 primam

125 1719 331 1754 Graecitatis
347 1719 501 1766 speciem
516 1727 676 1765 congesta
699 1727 799 1762 sunt;
823 1720 954 1754 etenim
975 1719 1024 1753 vis
1047 1719 1176 1765 spiritu
1197 1728 1234 1754 et
1254 1732 1340 1755 voce
1362 1722 1538 1759 instructa,
1563 1730 1647 1753 con-

104 1773 198 1809 -silio
224 1781 338 1808 autem
361 1771 507 1808 homine
528 1772 609 1807 satis
633 1771 739 1821 digno
763 1771 937 1817 destituta,
961 1784 1034 1808 non
1063 1772 1208 1821 perficit
1230 1773 1327 1822 quod
1349 1783 1541 1816 moremur-3
1574 1771 1646 1807 sola

122 1840 162 1862 re
185 1824 480 1876 significata'satis
503 1826 610 1875 digua
633 1835 667 1861 et
688 1827 838 1869 rationi,
862 1840 952 1876 quae
975 1827 1076 1875 prius
1100 1828 1139 1861 in
1162 1827 1297 1862 silentio
1319 1835 1407 1861 esset
1426 1836 1534 1874 quam
1554 1828 1646 1860 voci-

122 1883 186 1917 bus
209 1891 420 1929 erumperet,
443 1882 522 1916 satis
545 1893 699 1928 congrua
720 1891 834 1929 potest
855 1881 1033 1918 vocabulis
1057 1882 1238 1917 auctoritas
1262 1890 1296 1916 et
1318 1892 1399 1916 vera
1426 1880 1532 1928 gratia
1562 1891 1644 1913 con-

124 1934 247 1972 ciliari.
293 1935 427 1971 Eadem
448 1937 514 1979 via,
538 1935 763 1984 quam-apud
795 1936 987 1973 Homerum
1021 1936 1166 1983 ingressi
1196 1947 1328 1975 sumus.
1364 1936 1527 1969 continuo
1558 1933 1643 1968 lieet

123 1987 389 2035 subsequentem
412 1997 558 2025 aetatem
585 1990 726 2031 intueri,
758 2003 860 2038 quae,
895 2000 938 2026 ut
964 1992 1002 2025 in
1031 1987 1184 2023 consiliis
1209 1988 1438 2034 moribusque
1471 1986 1642 2021 nonnulla

122 2040 228 2089 plane
259 2041 396 2086 abjecit,
434 2043 545 2079 multa
582 2043 736 2087 refinxit,
778 2044 959 2092 praeclara
995 2042 1140 2084 invenit,
1178 2050 1302 2077 cuncta
1341 2041 1379 2075 in
1416 2039 1644 2077 excellentem
