1931 2329
921 149 944 182 5

165 259 287 294 ceteris
311 258 480 303 'Europae
507 255 678 303 >gentibus
713 254 848 298 cedant,
881 265 921 292 ut
949 257 1045 304 brevi
1077 258 1235 305 tem-pore
1269 254 1423 299 cunctos,
1460 266 1633 306 quotquot
1656 258 1691 291 in

165 323 267 347 terra.
286 312 428 359 degunt,
460 310 609 358 populos
641 319 796 344 correcta
826 311 992 352 oratione,
1025 323 1115 358 quae
1148 312 1281 346 mirum
1322 313 1358 345 in
1398 310 1540 347 modum
1571 324 1691 346 rerum

165 367 382 414 cognitiones
406 372 596 412 promovet,
619 362 996 411 collectasque'servat,
1021 364 1205 412 insigniter
1228 363 1404 400 mehercle
1428 365 1577 401 vincant.

255 422 303 455 Ut
326 420 436 467 ipsam
459 418 758 465 comparationem
780 419 962 466 utriusque
985 418 1151 462 dictionis
1180 420 1417 460 instituamus,
1448 428 1559 455 certas
1582 420 1691 455 lineas

165 485 304 509 necesse
328 482 379 508 est
401 474 500 521 quasi
523 471 741 516 substruere,
773 473 900 521 quihus
930 470 1067 520 reliqua
1100 472 1288 519 disputatio
1321 473 1470 516 nitatur,
1501 482 1537 508 et
1557 485 1693 510 summa

164 527 299 563 consilii
321 540 386 575 per
409 527 530 574 spatia,
556 525 682 574 quibus
704 527 869 580 perspici
883 527 992 574 possit
1014 535 1050 561 et
1072 525 1273 568 examinari,
1296 538 1333 560 ex
1357 525 1480 561 ordine
1504 526 1690 575 digeratur.

163 581 319 629 Namque
342 582 380 614 in
404 578 559 627 qualibet
579 591 619 612 re
642 581 799 627 graviore
823 589 857 614 et
880 580 1059 624 communi
1082 591 1170 626 opus
1194 588 1245 613 est
1257 581 1359 613 certis
1372 579 1510 622 finibus,
1534 590 1574 614 ut
1586 581 1690 614 homo

163 648 283 672 eoi-um
307 645 394 685 ope
399 647 417 669 a
442 632 647 683 quotidiano
668 642 703 669 et
725 633 924 683 interrupto
946 634 1076 668 virium
1098 645 1240 668 suarum
1263 645 1326 668 usu
1347 632 1504 676 decedat,
1529 642 1564 669 et
1579 644 1692 668 sermo

162 693 235 732 ejus
265 689 309 723 ad
339 691 545 736 perpetuam
575 691 803 724 constantiam
835 699 997 729 naturae,
1023 690 1081 722 .in
1124 701 1191 735 qua
1225 692 1396 737 cujusque
1432 689 1694 724 communitatis

163 744 259 791 origo
282 738 482 791 fundusque
506 751 569 785 est,
591 754 657 790 pro
678 743 807 777 viribus
832 742 982 778 accedat.
1007 743 1120 786 Quam
1134 741 1180 775 ob
1202 754 1280 775 rem
1296 741 1376 776 illae
1393 741 1509 776 lineae
1525 743 1691 789 exipsius

160 799 356 834 reinatura
387 797 578 845 singulari,
626 809 714 845 quae
736 797 872 846 primae
894 810 1039 846 magnae
1066 805 1208 831 naturae
1230 795 1358 831 similis
1389 802 1606 845 cognataque
1629 804 1690 836 est,

161 861 335 899 petantur,
349 852 499 897 sintque
523 849 665 884 eaedem
688 851 816 898 quibus
839 851 924 895 inde
947 851 991 885 ab
1014 852 1116 886 initio
1140 860 1284 886 naturae
1306 846 1429 897 genius
1453 850 1582 898 cuique
1599 851 1696 898 genti

163 916 325 954 praesens
348 912 409 940 est.
457 903 549 952 Ergo
571 904 609 938 in
631 903 853 956 conserendis
875 905 993 947 rebus,
1017 907 1107 954 quae
1131 914 1201 940 tam
1223 917 1330 953 parvo
1347 902 1531 940 intervallo
1550 900 1690 945 distant.

161 970 198 993 ut
211 959 415 995 Homericae
427 958 544 1004 aetatis
568 958 675 993 dictio
687 967 722 993 et
740 960 867 1001 Attica,
891 958 1034 995 eaedem
1055 961 1208 995 rationes
1224 960 1439 993 substractae
1451 967 1545 1000 sunt,
1560 958 1691 1006 quibus

162 1023 352 1053 uteremur,
375 1011 405 1045 si
421 1010 522 1045 nobis
537 1009 740 1044 mandatum
761 1020 865 1054 esset3
888 1011 1035 1059 linguas,
1060 1024 1149 1059 quae
1165 1012 1321 1054 maxime⁴
1335 1011 1532 1058 differrent,
1552 1021 1694 1059 compa-

164 1079 253 1108 rare,
275 1063 372 1114 quod
396 1074 447 1099 est
469 1065 509 1099 in
533 1065 712 1102 communi
736 1064 920 1112 utriusque
943 1064 1022 1112 lego
1045 1065 1229 1113 utriusque
1257 1062 1416 1099 indolem
1446 1064 1639 1099 examinare
1663 1073 1697 1099 et

165 1119 505 1169 gradum—definire3
537 1131 644 1166 quam
679 1117 905 1155 communem
934 1119 1050 1167 legem
1081 1120 1259 1162 omnium,
1296 1127 1469 1168 quotquot
1500 1119 1572 1154 sive
1595 1128 1695 1154 natac

164 1184 254 1217 sunt,
278 1175 350 1209 sive
374 1182 569 1214 nascentur,
593 1173 772 1221 quaternis
792 1173 888 1209 hisce
906 1172 1037 1221 regulis
1052 1174 1225 1209 contineri
1247 1173 1336 1207 mihi
1352 1185 1558 1220 persuasum
1573 1172 1694 1208 habeo.

256 1228 281 1262 1.
327 1228 444 1261 Prima
472 1224 720 1261 vocabulorum
745 1226 947 1268 conditio,
936 1239 974 1261 m
998 1226 1123 1282 quibus
1147 1225 1246 1261 modi
1267 1234 1349 1260 sunt
1371 1234 1407 1259 et
1428 1228 1579 1262 nume-i.

258 1281 299 1317 Π.
331 1272 574 1328 Uti-urumque
597 1283 768 1336 iunctura,
794 1292 863 1328 qua
886 1279 1043 1315 nascitur
1060 1279 1201 1326 positio,
1229 1291 1319 1327 quae
1341 1280 1560 1327 appositione
1579 1281 1694 1327 expli-

335 1344 390 1371 cat
412 1330 631 1381 sententiam.

249 1390 313 1426 111.
334 1378 551 1425 Continuam
573 1403 639 1438 per
662 1391 853 1439 positiones
887 1391 1148 1432 commercium,
1180 1402 1250 1437 quo
1281 1391 1455 1426 orationes
1487 1391 1689 1439 gignuntur.

257 1443 510 1486 1V.Elocutio‚
533 1444 607 1479 sive
628 1445 912 1481 communicatio.

261 1498 380 1533 Modis
411 1496 697 1534 communitatem
729 1511 905 1547 quamque
941 1498 1079 1534 orditur
1116 1508 1260 1542 natura,
1291 1478 1390 1535 modi
1432 1500 1507 1534 sine
1540 1500 1694 1533 numeris

170 1556 292 1596 jacent,
316 1553 454 1586 numeri
479 1552 555 1586 sinc
578 1551 691 1587 modis
715 1552 891 1587 instabiles
915 1561 1043 1594 errant,
1066 1552 1131 1587 soli
1160 1554 1258 1588 modi
1281 1554 1397 1588 acerbi
1418 1561 1511 1593 sunt,
1536 1554 1695 1598 utrisque

168 1605 353 1654 jungendis
377 1606 506 1640 exsistit
528 1615 622 1652 grata
654 1607 872 1654 temperatio,
895 1615 975 1640 sunt
997 1605 1189 1653 singulares
1211 1608 1301 1642 vires
1325 1607 1361 1641 in
1386 1607 1585 1641 communis
1609 1607 1695 1639 vitae

169 1660 298 1696 finibus
323 1659 498 1708 degentes,
522 1659 723 1708 iisdemque
745 1660 888 1695 alternis
907 1662 1077 1708 cognitae.

226 1713 228 1715 ’
259 1715 378 1749 Prima
406 1713 594 1749 verborum
623 1714 780 1750 conditio
810 1714 899 1749 sacta
928 1722 979 1748 est
1013 1714 1206 1756 intellectu,
1239 1727 1348 1763 quem
1377 1716 1534 1751 homines
1555 1725 1693 1748 summa

170 1767 393 1804 contentione
421 1768 549 1803 mentis
579 1769 633 1803 vix
663 1767 900 1816 adsequimur,
940 1767 1156 1817 amplissimo
1196 1766 1355 1812 consilio,
1385 1780 1455 1816 quo
1485 1767 1621 1802 cuncti·
1657 1762 1691 1798 et

169 1822 315 1869 singulis
339 1821 460 1861 eadem
479 1819 650 1869 'largitate
678 1822 858 1869 provisum
889 1830 949 1858 est.
995 1823 1111 1857 Pauca
1138 1823 1215 1865 illa,
1246 1836 1334 1869 quae
1365 1822 1452 1864 mihi
1476 1819 1623 1869 quidem
1652 1819 1689 1852 5¹²

169 1876 234 1911 hac
262 1888 303 1910 re
331 1876 572 1916 innotuerunt,
609 1887 832 1924 quorumque
866 1875 1088 1924 aliquantum
1128 1877 1166 1911 in
1200 1877 1293 1911 hunc
1327 1874 1491 1910 libell-n
1521 1869 1690 1918 impendi,

169 1930 270 1964 obvia
291 1930 380 1965 facta
403 1939 485 1966 sunt
506 1930 649 1972 ratione,
673 1942 765 1977 quae
788 1930 858 1966 sint
878 1930 974 1965 vivae
996 1941 1112 1979 partes
1133 1931 1199 1965 vivi
1222 1930 1392 1980 corporis,
1417 1936 1451 1962 et
1461 1925 1690 1987 potissimum,

170 1983 258 2030 quid
281 1984 373 2019 vocis
395 1985 553 2031 potentia
576 1984 688 2019 valeat
710 1984 756 2017 ad
778 1993 907 2019 ceteras
939 1985 1095 2028 ejusdem
1127 1984 1282 2030 corpori·
1311 1982 1493 2027 potentin,
1524 1978 1623 2026 quod
1653 1992 1691 2013 ¹¹¹

169 2035 269 2071 libris
281 2033 460 2072 docendae
481 2035 623 2084 linguae
639 2039 741 2073 causa
755 2038 894 2087 scriptis
917 2050 991 2074 non
1006 2050 1047 2074 eo
1069 2047 1139 2085 quo
1156 2040 1298 2071 necesse
1313 2042 1385 2068 erat
1397 2032 1515 2067 studio
1530 2033 1688 2078 recogni-

172 2101 244 2127 tum
265 2091 393 2136 ,videm
430 2091 519 2128 absit
546 2090 651 2139 plane
681 2092 896 2130 inconsultos
921 2093 1053 2136 ὤσει-ες
1077 2091 1172 2127 buno
1193 2088 1339 2127 consilio
1356 2096 1556 2136 susceptum
1583 2095 1689 2134 nego„

1759 2297 1774 2302 2
1730 2179 1792 2223 *Nx
