1931 2329
908 157 948 189 13

168 262 284 311 specie
301 261 403 296 'modi
432 259 487 295 vel
516 259 722 308 angustioris
753 258 807 294 vel
838 259 1039 308 amplioris,
1087 261 1150 309 qui
1182 272 1263 309 pars
1293 264 1486 296 communis
1518 264 1606 298 vitae
1632 273 1691 302 est,

169 317 271 350 decet
292 325 493 356 numerum,
526 314 590 361 qui
619 310 828 360 singularem
848 314 956 348 vitam
979 314 1139 357 exhibet,
1170 316 1209 350 in
1243 314 1369 349 eodem
1401 312 1692 361 graduvariante

169 369 302 406 indicio
324 367 449 404 notari.
495 367 545 402 Ut
567 365 646 402 illas
667 367 800 415 species
822 367 1028 411 modorum,
1059 381 1142 417 quas
1175 370 1213 403 in
1244 368 1339 405 culta
1368 361 1487 417 lingua
1510 370 1693 418 ingenium

170 426 257 473 quin
277 424 420 459 sortasse
443 422 607 458 distincte
629 423 752 464 sciret,
777 420 903 457 divisas
926 422 1067 466 hahuit,
1099 424 1201 458 certis
1223 422 1326 460 lineis
1350 427 1587 471 sejungamus,
1616 427 1695 474 pri-

164 490 265 513 mum
295 477 494 524 quaeritur,
529 476 592 523 qui
620 475 693 510 sint
721 476 892 523 primitivi
926 475 1041 520 modi3
1073 475 1238 511 videntur
1269 489 1340 512 esse
1348 504 1359 521 ‚
1391 479 1455 526 qui
1486 479 1627 513 nonnisi
1657 491 1695 512 ex

168 531 278 580 ipsius
299 531 391 567 vocis
413 524 602 578 dispositae
625 528 806 565 elementis
836 530 906 566 orti
937 538 1043 578 atque
1070 529 1156 565 editi
1184 531 1320 578 possint
1350 533 1532 579 cognosci,
1565 541 1599 566 et
1622 543 1697 566 rem

170 598 266 620 suam
281 586 330 620 ite
352 582 523 626 indicent,
548 593 586 618 ut
599 584 704 618 aliam
728 591 828 618 antea
850 584 987 619 nullam
1007 584 1221 627 indicarint3
1246 594 1366 620 contra
1384 597 1455 619 non
1479 598 1552 620 esse
1575 585 1698 619 viden-

170 642 227 675 tur
248 637 377 688 primi,
424 636 485 685 qui
518 635 561 671 ad
585 637 661 685 ipsa
685 635 854 671 elementa
876 637 1001 671 referri
1028 647 1225 685 nequeant,
1274 638 1408 685 quique
1430 649 1505 672 rem
1530 650 1626 671 suam
1650 639 1697 671 ita

170 691 370 734 exhibeant,
401 700 442 726 ut
471 693 538 736 jam
562 701 663 727 antea
687 690 838 741 aliquam
868 692 959 727 vitae
981 700 1117 739 partem
1139 691 1374 728 exhibuerint.
1443 692 1601 733 Horum,
1636 693 1698 739 qui

169 755 291 794 postea
313 746 426 793 parati
450 754 541 787 sunt,
567 745 628 779 alii
651 744 742 779 fiunt
764 757 783 780 e
806 745 994 792 primitivis
1018 745 1192 781 elemento
1216 745 1330 781 solum
1353 746 1498 789 adjecto,
1524 755 1583 779 aut
1597 758 1699 792 prae-

169 800 346 849 positione
369 797 526 834 adhibita
548 808 584 834 et
606 799 810 846 composita,
833 799 873 833 in
894 798 962 836 hoc
978 797 1100 834 libello
1123 796 1267 832 deducti
1288 806 1323 833 et
1346 797 1699 846 deducto—compositi

171 854 345 890 dicentur:
356 851 509 886 secunda
515 853 646 899 species
654 851 731 897 3alii
740 852 821 898 facti
835 861 918 888 sunt
926 864 946 888 e
956 852 1086 888 formis·
1091 853 1290 901 primorum
1301 852 1347 887 ad
1355 853 1445 887 vitae
1457 861 1578 901 partes
1589 852 1702 900 appli-

171 909 266 948 catis,
281 906 411 954 quibus
423 918 559 939 ammus
570 905 743 940 audientis
755 906 948 954 singulares
962 907 1052 941 vitae
1064 917 1180 954 partes
1194 916 1348 948 noverat,
1362 907 1401 940 hi
1409 907 1563 942 habeant
1571 919 1701 941 nomen

172 961 328 1002 derivati,
348 968 430 994 sunt
444 968 503 995 aut
518 958 697 1007 simplices
713 968 771 993 aut
787 961 990 1007 compositi:
1009 961 1110 995 tertia
1125 964 1269 1008 species,
1287 960 1448 1004 derivati3
1461 969 1594 1007 quarta,
1611 959 1704 993 deri-

171 1013 470 1060 vato-compositi3
489 1012 636 1046 derivati
651 1013 824 1061 exsistunt
832 1013 935 1048 multi
954 1025 998 1048 ex
1014 1013 1197 1061 applicatis
1216 1013 1404 1055 vocabulis,
1414 1026 1504 1063 quae
1526 1013 1701 1054 adverbia,

173 1068 352 1112 adjectiva,
370 1065 581 1113 appellativa
592 1074 770 1108 vocantur,
785 1065 976 1101 admittunt
986 1067 1091 1100 etiam
1105 1066 1401 1113 praepositionem
1413 1067 1703 1114 componendam.

264 1121 486 1167 Quamquam
511 1121 681 1167 cujusque
713 1119 846 1168 speciei
874 1118 974 1155 modi
999 1121 1068 1164 jam
1088 1119 1129 1154 in
1152 1119 1364 1155 carminibus
1389 1119 1499 1168 epicis
1522 1120 1703 1168 leguntur,

173 1186 289 1211 tamen
312 1172 503 1208 nonnullae
527 1173 609 1206 artis
633 1173 791 1217 maculae
806 1182 953 1221 propter
977 1183 1162 1221 corruptos
1175 1174 1300 1208 modos
1325 1173 1533 1217 haerebant3
1557 1184 1639 1209 sunt
1663 1175 1700 1216 ii,

174 1230 236 1279 qui
260 1230 299 1262 in
322 1227 444 1261 habitu
468 1226 675 1260 consonanti
698 1227 920 1260 iterationem
942 1226 1129 1267 habebant,
1154 1238 1266 1273 quum
1288 1234 1435 1273 propter
1457 1226 1568 1261 solam
1592 1236 1705 1261 struc-

173 1294 285 1318 turam
303 1282 371 1315 arti
386 1281 598 1316 contrariam
613 1281 845 1323 rejicerentur
859 1279 903 1313 ab
919 1279 1062 1321 Atticis3
1081 1290 1222 1313 necesse
1234 1287 1319 1320 erat,
1335 1280 1417 1326 quia
1434 1279 1577 1315 sublatis
1595 1281 1702 1327 signis

173 1350 229 1371 res
245 1335 380 1370 sublata
393 1345 466 1368 non
482 1342 563 1374 erat,
577 1345 652 1367 eam
663 1346 703 1367 ex
715 1333 831 1380 aliqua
843 1344 972 1373 earum,
982 1343 1068 1378 quas
1081 1330 1154 1366 dixi
1163 1333 1312 1379 species,
1326 1334 1536 1379 exprimere,
1551 1334 1579 1368 si
1593 1343 1703 1368 totum

175 1392 312 1438 signum
329 1388 568 1435 antiquarent:
582 1387 699 1430 ἔτετμε,
716 1385 813 1434 quod
822 1386 959 1433 primae
972 1385 1101 1433 speciei
1118 1394 1178 1426 est,
1192 1398 1257 1432 per
1272 1387 1413 1429 ἐπέτυχε,
1427 1387 1522 1434 quod
1530 1387 1703 1421 secundae

176 1454 242 1487 est3
271 1443 392 1486 κιχάνω
413 1454 478 1489 per
500 1440 752 1484 καταλαμβάνω,
773 1441 942 1486 μερμέριξε
964 1438 1061 1488 quod
1086 1440 1281 1475 derivatum
1307 1454 1327 1474 a
1351 1441 1452 1485 μέρος
1474 1442 1615 1487 (tertia),
1639 1455 1703 1489 per

175 1498 338 1544 φρόντισε.
364 1496 443 1540 Quo
453 1494 762 1542 intelligitur-,illas
771 1494 954 1528 modorum
963 1494 1094 1540 species
1103 1493 1302 1529 tamvitales
1319 1506 1403 1536 esse,
1412 1503 1450 1529 ut
1468 1504 1536 1530 tota
1549 1496 1704 1529 membra

176 1553 258 1587 artis
278 1549 416 1586 rudiori
439 1549 538 1583 aetati
570 1549 687 1582 innata
713 1548 848 1595 possint
870 1556 989 1595 postea
1013 1548 1196 1595 amputari,
1221 1559 1290 1594 quo
1308 1548 1405 1582 novis
1423 1556 1457 1582 et
1474 1549 1570 1591 justis
1586 1561 1706 1583 renas—

177 1615 275 1642 catur
295 1617 360 1639 ars.
408 1604 449 1636 ln
465 1602 541 1636 aliis
556 1601 731 1642 membris,
757 1601 852 1649 quod
865 1610 1011 1648 propter
1033 1610 1148 1648 partes
1161 1602 1286 1635 inertia
1306 1611 1415 1643 erant,
1443 1602 1566 1649 genius
1591 1602 1704 1636 cultae

176 1659 294 1693 aetatis
317 1668 391 1692 non
412 1654 489 1689 illas
512 1656 645 1702 species
669 1654 798 1696 adibat,
824 1654 886 1689 sed
918 1667 936 1688 e
958 1656 1126 1702 propiore
1153 1654 1249 1689 fonte
1278 1654 1533 1689 elementorum
1564 1655 1705 1694 sanavit,

178 1714 227 1747 sic
249 1710 428 1756 ἐρυκακέειν
462 1721 536 1744 non
561 1708 696 1753 abjecit,
721 1708 781 1743 sed
804 1708 942 1744 refinxit
965 1721 1008 1744 ex
1032 1706 1211 1744 elementis
1222 1708 1289 1742 rite
1305 1706 1493 1756 dispositis,
1514 1715 1553 1740 ut
1577 1708 1707 1750 justum

172 1774 275 1801 esset.
322 1765 375 1800 Ita
397 1765 437 1798 in
460 1772 533 1798 arte
555 1762 725 1811 loquendi
749 1762 981 1809 regenerandi
1016 1772 1119 1810 atque
1149 1762 1297 1797 sanandi
1327 1763 1396 1797 vim
1431 1773 1502 1795 esse
1536 1760 1707 1808 intelligi-

178 1832 267 1862 mus,
292 1818 349 1854 cui
372 1817 489 1852 subest
510 1817 659 1851 interior
681 1815 790 1864 ipsius
814 1817 904 1851 vitae
926 1815 1053 1864 populi
1076 1817 1223 1852 mutatio
1252 1815 1457 1863 peremnia
1480 1816 1620 1862 negotia
1644 1827 1707 1862 po-

180 1876 353 1910 tissimum
376 1871 490 1917 civilia
513 1880 548 1906 et
570 1883 666 1906 sacra
695 1871 885 1918 pertinens,
917 1884 987 1920 qua
1019 1872 1050 1906 si
1080 1883 1135 1906 res
1171 1869 1337 1919 quaedam
1370 1870 1584 1917 antiquatur,
1615 1870 1705 1916 signi

182 1941 265 1963 cura
295 1938 369 1963 non
391 1924 543 1974 amplius*
573 1934 642 1969 est;
678 1925 799 1968 confer
831 1925 1051 1970 θεοπρομέωνἼ
1068 1923 1271 1965 οἵωνοπόλος,
1297 1923 1527 1968 ὠμοθέτησαν.
1575 1922 1707 1957 Eadem

181 1982 354 2030 posterior
376 1988 466 2014 aetas
488 1979 572 2014 vitia
594 1978 780 2014 verborum
803 1978 934 2014 iteratis
964 1978 1138 2014 vocalibus
1173 1978 1356 2013 comm-issa
1387 1977 1459 2012 sola
1487 1977 1622 2012 ratione
1646 1989 1706 2011 vo-

184 2033 310 2069 calium
332 2031 540 2074 emendavit,
564 2045 645 2067 nam
670 2031 809 2068 delectu
831 2032 919 2066 alius
953 2032 1078 2080 speciei
1103 2030 1181 2065 fieri
1209 2043 1283 2066 non
1314 2039 1458 2078 poterat.
1507 2029 1600 2064 Sane
1630 2043 1705 2076 gra-

184 2089 315 2125 tissima
349 2087 523 2133 reputatio
558 2096 609 2121 est
637 2087 802 2134 persequi
835 2096 868 2121 et
892 2085 1048 2131 comitari
1083 2085 1225 2133 genium
1262 2084 1416 2119 cultioris
1446 2082 1605 2131 linguae,
1647 2084 1707 2129 qui
