1931 2329
961 150 1000 180 12

212 258 303 291 vices
335 254 461 290 modos
497 254 699 301 (verborum
730 250 874 296 fundos)
908 251 1052 293 incunt,
1089 250 1220 298 quibus
1257 250 1490 296 inhabitantes
1527 253 1742 289 incrementa

214 310 368 357 capiunt,
392 308 490 343 unde
514 308 647 342 exsistit
669 305 769 346 illud,
795 318 866 353 quo
890 304 981 338 nihil
1002 314 1056 339 est
1080 305 1214 347 melius,
1239 316 1467 352 personarum
1480 309 1743 349 commercium,

215 375 286 411 quo
319 362 457 401 animus
490 361 629 396 honesti
657 357 833 393 studiosus
862 371 934 393 uno
970 359 1162 407 requiescit
1191 371 1230 411 ac
1264 357 1466 399 delectatur.
1513 360 1555 394 In
1586 359 1745 406 doc-trina

213 417 375 452 audimus
400 416 689 464 conjugationem,
716 413 755 449 in
778 426 847 462 qua
872 423 1030 461 tempora
1054 423 1089 448 et
1110 413 1242 448 formae
1263 414 1362 448 verbi
1386 423 1421 449 et
1434 425 1611 462 praeterea
1633 416 1746 450 multa

215 470 392 518 descripta
414 478 507 510 sunt,
532 481 679 516 quarum
703 480 824 502 rerum
848 466 1010 501 ordinem
1034 479 1215 501 recensere
1239 478 1312 501 non
1335 467 1436 511 hujus
1461 467 1530 502 loci
1553 478 1614 505 est.
1637 467 1748 504 Nobis

216 525 296 559 satis
320 532 370 558 est
392 521 609 560 contendere
632 521 696 556 illa
720 521 897 568 jugatione
916 522 1106 569 positiones
1130 521 1228 563 oriri,
1253 524 1343 569 quae
1354 522 1432 556 satis
1449 533 1615 568 magnum
1638 522 1749 558 ambi·

218 588 294 613 tum
316 590 388 625 quo
412 577 561 611 Homeri
585 575 743 624 aequales
767 588 850 610 cum
868 587 991 610 eorum
1007 576 1156 623 posteris
1174 588 1426 622 comparemus,
1450 575 1551 610 nobis
1567 576 1750 622 praebent,

220 643 290 677 qua
314 629 461 677 quidem
485 641 524 663 re
547 629 653 662 altera
684 629 930 676 disputationis
954 640 1034 675 pars
1057 628 1214 662 definita
1228 636 1288 662 est.

311 684 507 719 Positiones
538 694 580 717 eo
613 682 753 723 ordine,
799 694 871 730 quo
902 682 939 715 in
970 681 1061 716 culta
1099 681 1219 729 lingua
1257 682 1334 730 ipso
1363 683 1436 726 ejus
1470 683 1577 732 genio
1603 680 1753 717 ducente

218 737 422 773 mortalium
439 737 574 770 animos
590 734 731 770 colendi
746 748 847 769 causa
871 748 937 782 per
961 735 1088 797 gradus
1112 735 1231 781 (vulgo
1257 739 1427 796 tempora)
1451 738 1658 770 constitutae
1682 747 1768 769 esse>

217 791 402 832 videntur,
436 790 605 824 continuo
636 800 908 836 persequemur,
939 797 989 823 ut
1004 788 1047 823 ab
1070 788 1266 836 imperante
1290 788 1511 836 incipientes,
1536 787 1668 822 deinde
1690 799 1755 834 per

185 883 189 885 Y
218 853 422 879 narrantem
457 842 502 877 ad
531 854 607 877 eam
638 855 727 892 quae
756 842 865 878 futuri
895 852 962 885 est,
992 842 1162 892 profecti,
1199 843 1238 877 in
1262 853 1398 877 summo
1431 840 1542 890 gradu
1562 842 1756 891 praesentis

221 898 461 939 consistamus,
485 896 639 932 secunda
660 896 774 931 libelli
799 907 897 944 parte
921 896 1089 932 defuncti.

315 951 432 993 Quum
456 953 641 985 vei-bolum
666 951 817 996 origines
836 963 996 998 quaeque
1020 963 1039 984 e
1061 962 1190 995 genere
1209 950 1363 983 humano
1386 947 1478 982 edita
1503 947 1613 983 tribus
1637 948 1758 982 haere-

223 1003 329 1043 ditate
364 1004 516 1051 accepit,
564 1012 639 1036 tum
670 1003 828 1037 radicum
857 1002 994 1037 cultura
1026 1002 1130 1037 unius
1167 1004 1338 1050 cujusque
1368 1001 1523 1036 consiliis
1554 1013 1594 1037 ac
1624 1001 1757 1036 viribus

221 1058 346 1091 relicta
359 1066 420 1098 est,
445 1069 535 1104 quae
548 1056 644 1102 apud
656 1056 809 1091 Graecos
821 1057 889 1099 jam
904 1068 943 1089 ea
958 1064 1173 1103 tempestate,
1191 1067 1261 1102 qua
1283 1063 1440 1089 auctores
1451 1055 1572 1089 Iliadis
1593 1065 1627 1090 et
1642 1055 1759 1102 Odys-

223 1122 302 1145 seae
323 1110 498 1151 vixerunt,
522 1109 669 1151 melius,
694 1122 800 1158 quam
826 1108 921 1156 apud
954 1118 1083 1144 ceteras
1117 1106 1236 1156 gentes
1272 1118 1412 1157 peracta
1444 1118 1535 1152 erat,
1566 1118 1606 1161 ut
1638 1118 1760 1156 postea

224 1177 337 1211 quum
359 1164 590 1199 Athenienses
614 1163 730 1198 studia
759 1164 796 1197 in
827 1164 1022 1198 orationem
1045 1162 1267 1203 conferrent,
1314 1162 1486 1197 mirificus
1511 1163 1638 1197 Graeci
1660 1162 1759 1196 verbi

223 1217 373 1251 ambitus
397 1229 463 1263 per
486 1228 606 1250 omnes
628 1216 755 1262 gradus
780 1217 847 1249 rite
870 1215 1064 1263 descriptus
1089 1225 1195 1258 esset,
1233 1225 1349 1250 tamen
1373 1228 1446 1250 non
1469 1216 1634 1256 deerant,
1670 1228 1759 1263 quae

221 1279 367 1318 possent
383 1267 584 1311 emendari,
598 1269 656 1303 vita
667 1268 755 1302 haec
778 1268 887 1303 altera
910 1268 1096 1316 disputatio
1116 1279 1192 1304 tota
1213 1269 1406 1304 versabitur
1429 1269 1465 1303 in
1488 1268 1760 1304 demonstranda

225 1323 492 1364 emendatione,
540 1334 646 1369 quam
681 1322 873 1367 positiones
903 1335 969 1369 per
995 1322 1149 1370 singulos
1179 1323 1306 1371 gradus
1330 1325 1513 1358 verborum
1536 1332 1657 1358 nactae
1680 1332 1761 1357 sunt

222 1377 423 1412 Atticorum
445 1374 593 1410 consilio
617 1383 654 1409 et
674 1374 809 1423 lingua.

316 1424 360 1466 In
382 1429 450 1464 hac
474 1428 579 1465 altera
603 1427 850 1478 disputationis
863 1440 962 1479 parte
985 1431 1076 1465 hanc
1093 1432 1186 1464 viam
1201 1430 1468 1478 ingrediendam
1480 1432 1615 1480 putavi:
1641 1432 1760 1465 omitte

225 1484 373 1532 paulum
397 1483 568 1531 cogitare,
617 1484 745 1530 quibus
776 1483 1001 1519 adminiculis
1032 1485 1129 1519 modi
1159 1484 1321 1529 (radices)
1351 1486 1390 1519 in
1421 1485 1570 1533 gradum
1594 1484 1761 1532 (tempus)

225 1537 381 1586 aliquem
406 1545 624 1578 moveantur,
648 1546 765 1571 utrum
790 1536 861 1572 solo
886 1549 1034 1572 numero
1059 1537 1237 1584 jungendo
1254 1551 1297 1572 an
1317 1536 1489 1574 elemento
1504 1539 1637 1574 recenti
1654 1538 1761 1573 inter-

227 1595 334 1635 jecto,
357 1592 474 1637 potius
497 1599 622 1638 reputa
647 1592 686 1625 in
709 1593 871 1626 societate
894 1590 988 1625 culta
1011 1600 1150 1638 praeter
1172 1593 1369 1639 primitivos
1392 1593 1532 1635 modos,
1570 1593 1633 1640 qui
1656 1592 1761 1638 pauci

226 1653 326 1686 sunt,
357 1645 514 1678 inventos
546 1656 621 1678 esse
645 1643 732 1679 alios
756 1644 900 1685 multos,
931 1643 976 1677 ad
999 1644 1235 1679 exhibendum
1265 1646 1355 1679 vitae
1378 1646 1535 1692 copiam3
1582 1653 1617 1678 at
1639 1644 1762 1691 genius

228 1697 369 1744 linguae
395 1709 509 1745 quum
529 1698 682 1744 praeiret
705 1698 743 1732 in
768 1698 869 1745 copia
891 1697 1085 1731 sufficiente
1109 1697 1294 1734 modorum
1321 1697 1497 1746 paranda,
1529 1710 1616 1734 nom
1626 1699 1763 1733 minore

227 1750 344 1787 studio
370 1750 487 1798 adegit
511 1751 657 1793 animos,
680 1760 720 1786 ut
743 1764 1033 1800 unumquemque
1055 1752 1201 1787 modum
1216 1752 1390 1794 colerent,
1416 1752 1512 1801 quod
1534 1765 1605 1787 una
1628 1761 1763 1788 tantum

230 1807 367 1840 ratione
391 1806 471 1839 fleri
493 1812 653 1854 poterat:
684 1800 824 1840 necesse
848 1815 923 1842 erat
946 1805 1069 1841 modos
1092 1818 1157 1854 pro
1181 1806 1303 1840 habitu
1331 1805 1516 1854 dispositos
1539 1819 1605 1854 per
1629 1806 1762 1854 species

230 1859 376 1901 habere,
404 1869 445 1895 ut
467 1872 533 1908 pro
559 1871 702 1908 quaque
724 1861 839 1907 specie
873 1861 972 1895 modi
1001 1861 1040 1895 in
1065 1860 1175 1909 gradu
1204 1859 1274 1896 sive
1297 1862 1503 1909 imperantis
1524 1861 1595 1896 sive
1618 1874 1763 1896 narrau-

232 1914 275 1948 tis
300 1921 366 1948 etc.
391 1915 543 1956 numeri,
567 1914 629 1961 qui
652 1913 763 1948 iidem
787 1912 886 1947 divisi
910 1924 1026 1958 erant,
1050 1915 1332 1963 exprimerentur
1356 1913 1553 1957 elementis,
1578 1927 1667 1963 quae
1690 1926 1763 1950 non

235 1967 277 2001 ad
307 1965 457 2016 gradum
486 1979 591 2014 quem
622 1980 744 2002 omnes
783 1967 881 2002 modi
912 1969 1052 2011 ineunt,
1088 1967 1150 2004 sed
1175 1969 1221 2003 ad
1254 1969 1409 2016 speciem
1445 1968 1542 2004 modi
1573 1977 1764 2017 temperata

233 2030 356 2062 essent,
380 2032 410 2057 e.
436 2032 467 2056 c.
493 2032 680 2056 numerum
708 2020 883 2068 pluralem
906 2022 944 2055 in
967 2030 1132 2057 narrante
1152 2022 1265 2071 gradu
1296 2020 1475 2057 elementis
1503 2027 1617 2070 usque
1639 2022 1765 2057 iisdem

233 2074 430 2121 exprimere
452 2085 527 2109 non
550 2073 666 2110 solum
690 2075 965 2123 ingratissimum
989 2084 1086 2119 esset,
1111 2075 1173 2111 sed
1193 2074 1431 2113 inconsultum
1455 2077 1579 2120 etiam
1602 2088 1683 2111 nam
1698 2087 1763 2123 pro
