1931 2329
877 145 1002 184 '26

212 260 375 309 perfecti,
411 259 503 300 ἕαξαι
525 267 672 306 propter
706 265 933 305 augmentum
955 268 1025 291 non
1050 266 1288 303 resumptum3
1313 269 1460 308 uterque
1486 260 1639 297 desectus
1664 257 1747 297 inde

212 326 287 349 non
309 313 465 348 sublatus
491 325 563 347 esse
586 312 742 352 videtur,
769 320 807 344 ut
830 309 1081 352 res-diversae,
1106 324 1199 358 quael
1220 312 1398 347 vocabulis
1432 314 1602 350 similibus
1628 327 1747 365 captae

216 378 324 410 erant,
352 368 535 415 distinctae
559 375 751 407 manerent,
777 367 881 399 etiam
905 377 984 399 cum
1011 367 1091 399 artis
1116 366 1316 403 offensione.
1365 368 1451 401 Χέαι
1475 370 1598 404 omissa
1621 385 1641 405 σ
1666 373 1748 407 vitat

214 435 289 457 rem
314 422 534 457 obscoenam.
1280 432 1282 434 ’
1502 453 1504 455 ,
1553 425 1561 455 “,
1740 458 1745 461 ,

303 478 441 513 ¹Forma
465 474 645 518 narrandi,
682 488 773 523 quae
805 475 929 517 rarius,
962 487 1028 509 nec
1063 474 1165 509 aliter
1199 488 1305 523 quam
1337 475 1380 510 ad
1411 475 1563 523 aliquam
1596 478 1749 521 ejusdem

218 531 408 565 sententiae
435 539 613 564 narratam
644 526 703 564 vel
740 529 957 563 narrandam
987 541 1062 562 rem
1094 528 1203 563 relata
1235 529 1439 573 adhibetur,
1469 531 1607 578 petitur
1638 544 1675 566 ex
1710 545 1748 567 ea

217 585 432 620 formatione
453 584 611 619 radicum
636 583 838 626 multarum,
863 596 954 631 quae
973 584 1159 618 nominata
1183 591 1234 618 est
1256 584 1431 631 perfectae
1454 586 1518 627 rei,
1554 585 1667 639 solum
1693 599 1751 621 eae

220 638 358 674 radices
388 640 458 673 sive
490 638 607 681 modi,
645 650 732 685 quos
764 639 890 672 ineunt
920 637 1113 683 singulares
1143 638 1293 679 cujusvis
1324 639 1391 672 orti
1420 639 1556 687 generis
1579 640 1680 680 vires,
1713 641 1751 674 in
1782 640 1784 643 ’

219 692 289 726 hoc
311 704 431 725 earum
455 704 586 738 genere
607 693 831 739 persistentes
855 690 1119 732 demonstratae,
1145 690 1309 725 videntur
1338 703 1481 739 capaces
1518 704 1589 727 esse
1619 693 1752 727 formae

217 746 270 780 rei
294 744 481 793 perfectae.
529 745 651 792 Itaque
674 745 880 791 priusquam
907 743 951 777 de
976 743 1037 777 illa
1060 743 1229 778 narrandi
1260 743 1372 779 forma
1402 746 1497 793 apud
1529 746 1573 780 H.
1601 757 1751 793 agamus,
1770 779 1780 787 ,

216 811 359 833 necesse
390 808 442 832 est
472 799 511 831 in
539 804 692 845 utraque
728 806 837 832 aetate
874 796 1023 831 formam
1062 798 1114 830 rei
1153 796 1330 844 perfectae
1366 809 1578 846 comparare.
1636 800 1755 846 Confit

215 853 331 887 forma
352 851 529 900 perfectae
550 852 606 886 rei
630 864 682 894 eo,
707 849 929 900 quodmodo
947 850 1008 885 'bis
1032 850 1133 885 finito
1156 850 1330 885 indicium
1358 854 1497 887 numeri
1513 854 1753 902 conjungitur3

218 907 364 942 initium
386 906 548 942 vocabuli
579 906 705 941 finitur
734 904 965 956 adminiculo,
996 917 1063 953 pro
1087 914 1259 940 structura
1281 906 1441 940 vocabuli
1464 908 1631 949 variante,
1652 907 1754 955 ‘quod

215 962 439 996 nominatum
462 970 515 994 est
535 959 825 1006 reduplicationis
848 960 1003 999 nomine,
1035 959 1170 991 nonin
1199 958 1363 991 omnibus
1399 970 1428 991 e.
1461 971 1489 993 c.
1524 960 1641 1004 ἥρηκα,
1676 963 1755 995 satis

218 1024 319 1063 apto;
350 1015 389 1048 in
417 1012 584 1062 plurimis
621 1020 672 1046 est
702 1011 853 1053 iteratio,
890 1022 997 1059 quam
1036 1011 1075 1045 in
1105 1010 1174 1046 hoc
1213 1022 1295 1045 casu
1329 1022 1401 1045 non
1445 1011 1557 1046 solum
1596 1014 1755 1061 permisit

221 1070 357 1104 Graeca
388 1080 454 1109 ars,
491 1066 553 1101 sed
582 1065 813 1101 necessariam
843 1064 930 1099 adeo
960 1073 1101 1111 putasse
1129 1063 1289 1108 videtui-3
1320 1074 1401 1099 nota
1431 1066 1468 1098 in
1491 1066 1563 1100 fine
1595 1068 1756 1102 vocabuli

222 1121 384 1156 facienda
416 1121 524 1156 etiam
565 1121 637 1164 ejus
673 1126 869 1153 structurae
900 1117 1154 1153 accomodatur.
1183 1117 1398 1165 ·Utramque
1429 1113 1527 1154 modi
1556 1120 1755 1157 finitionem

222 1176 447 1211 artificiosam
478 1175 516 1209 in
548 1186 654 1208 carm.
687 1185 751 1220 ep*
774 1171 819 1208 H.
850 1172 919 1218 jam
948 1180 1099 1206 exactam
1134 1170 1320 1216 videmus,>
1352 1180 1471 1208 tamen
1498 1172 1754 1223 nonnunquam

223 1240 332 1266 cessat
355 1242 409 1264 ars
432 1228 570 1276 priscae
591 1227 726 1262 aetatis:
769 1225 811 1260 ll.
837 1225 900 1262 IV.
931 1229 994 1262 211
1027 1225 1198 1269 βλήμενος,
1223 1229 1287 1268 βε-
1310 1227 1348 1260 in
1372 1228 1475 1262 initio
1498 1229 1661 1263 omissum
1687 1239 1754 1271 est;

221 1287 287 1321 115
311 1282 446 1317 ibidem
468 1284 618 1324 βλῆσθαι
641 1290 708 1326 pro
731 1291 772 1312 re
794 1279 866 1312 loci
889 1287 1004 1325 potest
1032 1291 1103 1313 aor.
1126 1278 1221 1315 nied.
1245 1291 1335 1323 esse;
1359 1288 1475 1315 tamen
1500 1281 1619 1317 addito
1641 1287 1680 1325 βε
1705 1293 1755 1317 est

219 1340 418 1382 βεβλῆσθαι,
445 1333 541 1383 quod
573 1330 622 1368 ex.
640 1333 708 1383 adj.
739 1333 832 1367 verb.
866 1335 977 1376 βλητ-
1008 1331 1213 1376 deductum,
1248 1335 1306 1369 cui
1336 1334 1469 1369 formae
1500 1336 1754 1371 nonaressexivi

220 1391 341 1437 (med.)
363 1390 502 1424 numeri
527 1390 730 1435 junguntur,
755 1386 816 1420 sed
839 1387 978 1419 numeri
1003 1388 1119 1433 quarti
1144 1389 1292 1434 generis.
1337 1388 1381 1423 Ei
1404 1400 1475 1425 aor.
1491 1390 1583 1425 med.
1596 1389 1754 1432 habetur,

219 1444 446 1480 referendum
469 1451 521 1476 est
543 1442 589 1475 ad
611 1440 787 1475 defectum
810 1439 856 1475 H.
888 1452 995 1488 supra
1024 1448 1194 1482 notatum,
1225 1453 1298 1488 quo
1330 1444 1469 1477 numeri
1497 1444 1666 1485 reflexivi,
1692 1446 1754 1491 qui

220 1500 393 1541 habitumj·
417 1493 525 1545 quem
550 1494 654 1530 activi
677 1494 817 1529 numeri
841 1495 977 1534 ineunt,
1003 1503 1320 1541 sequunmr‚'cum
1342 1496 1461 1530 habitu
1494 1497 1591 1532 modi
1624 1511 1662 1532 ex
1685 1497 1750 1542 adj.

223 1556 316 1588 verb.
338 1551 449 1599 petito
472 1550 560 1584 false
592 1549 771 1592 conjuncti
802 1556 894 1583 sunt.
942 1547 986 1580 Il.
1020 1547 1080 1585 IV.
1103 1548 1184 1584 494.
1233 1548 1457 1597 Quamquam
1486 1563 1563 1585 rara
1588 1560 1638 1586 est
1669 1552 1753 1587 haec

223 1607 377 1646 omissio,
404 1613 528 1640 tamen.
554 1615 631 1638 non—
666 1611 717 1636 est
746 1600 903 1643 tacenda‚
933 1599 1042 1636 multo
1079 1603 1221 1648 minus,
1243 1601 1373 1638 licebat
1406 1607 1650 1641 commenticio
1685 1618 1752 1641 aor.

218 1660 313 1695 med.
337 1671 413 1693 rem
437 1659 613 1705 expedire,
638 1656 738 1704 quod
768 1667 912 1701 gramm.
934 1655 1102 1689 fecerunt.
1151 1656 1277 1689 Forma
1306 1656 1426 1702 ἔμμορε
1446 1659 1584 1694 exhibet
1596 1662 1753 1707 priorem

221 1723 340 1749 notam
363 1720 514 1760 propter
539 1710 713 1758 liquidam
734 1724 763 1753 μ,
785 1710 968 1749 inversam,
994 1707 1090 1756 quod
1113 1710 1153 1743 in
1175 1707 1310 1756 liquida
1334 1724 1353 1754 ρ
1378 1712 1545 1746 contiuuo
1571 1712 1635 1747 fit..
1643 1712 1754 1761 Apud

223 1769 267 1802 A.
290 1779 365 1802 non
386 1765 465 1807 vidi
486 1765 653 1800 omissum
675 1762 811 1812 aliquid
834 1771 975 1810 praeter
998 1774 1103 1810 quam
1128 1763 1165 1796 in
1188 1762 1299 1798 forma
1323 1762 1407 1807 οἶδα,
1434 1765 1528 1799 unde
1550 1767 1753 1813 positiones,

222 1832 370 1856 numero
394 1818 523 1867 plurali
547 1819 726 1865 jungendo
750 1814 919 1852 exsistunt
941 1816 1041 1857 ἴσασι,
1069 1816 1147 1858 ἴστε,
1181 1816 1242 1851 uhi
1274 1814 1444 1867 suppreso
1467 1831 1537 1854 uno
1560 1832 1580 1853 o
1605 1828 1753 1866 utraque

219 1883 304 1910 nota
326 1881 460 1908 remota
484 1881 545 1915 est,
568 1883 654 1913 nnn,
687 1871 738 1905 uti
760 1871 848 1905 mihi
880 1869 1026 1919 quidem
1056 1870 1203 1913 videtur,
1227 1872 1302 1907 sine
1327 1871 1472 1908 consil-io
1496 1882 1648 1909 semotae
1671 1884 1752 1910 sunt

221 1939 326 1966 notae
350 1937 548 1967 coercentes
572 1928 610 1961 in
634 1925 818 1966 vocabulo,
843 1925 937 1972 quod
953 1938 1126 1960 summam
1143 1928 1269 1961 mentis
1285 1927 1524 1965 conditionem
1549 1929 1753 1963 contineret.

314 1983 470 2018 Alterius
489 1989 598 2015 notae
618 1979 709 2014 illud
731 1979 917 2020 indicium,
941 1979 1039 2026 quod
1063 1978 1276 2014 elementum
1307 1994 1352 2013 -κ
1386 1988 1445 2023 est,
1468 1982 1606 2028 saepius
1642 1982 1685 2016 ab
1709 1980 1755 2016 H.

221 2037 420 2086 neglectum
444 2045 513 2081 est3
538 2043 656 2071 tamen
675 2034 712 2069 in
735 2038 869 2080 γεγαυῖα
892 2032 1013 2069 haeret
1035 2031 1243 2081 profundius
1267 2032 1492 2070 discrimen·
1481 2048 1519 2070 ιιι
1539 2036 1615 2090 ipso
1631 2035 1754 2071 habitu

220 2093 331 2136 modi,
355 2094 419 2140 qui
443 2090 538 2139 apud
562 2089 604 2127 Α,
631 2097 683 2127 est
703 2102 785 2135 γ-ν
817 2090 1026 2124 Atticorum
1042 2088 1132 2125 alii
1123 2101 1162 2125 m
1184 2088 1330 2133 ἑστάναι,
1350 2089 1506 2126 τεθνάναι
1528 2092 1753 2136 supprimunt
