1931 2329
919 124 958 155 15

169 243 249 266 rum
282 232 332 264 in.
353 230 504 265 carmina
536 229 634 277 epica
665 229 839 263 invectam
861 241 943 271 esse,
977 229 1039 264 sed
1063 230 1165 264 totius
1191 231 1306 264 aetatis
1332 231 1463 265 minore
1488 231 1584 266 cultu
1609 233 1695 266 veri-

169 283 284 319 simile
319 293 387 327 est3
422 281 467 316 ad
498 296 605 330 quam
637 283 676 316 in
699 282 860 316 ‘secunda
891 285 1007 330 specie
1040 285 1259 318 commissam
1289 284 1424 318 accedit
1453 286 1578 320 inertia
1606 298 1695 333 quae

169 339 363 386 primitivos
395 336 516 372 modos
546 345 691 385 spectat,
726 349 794 384 qua
817 336 948 371 dictum
979 347 1029 372 est
1052 338 1107 380 ἴιί,
1133 339 1225 384 πέρι;
1260 338 1355 386 quod
1379 337 1481 385 vulgo
1506 339 1695 387 explicatur

170 394 280 435 ῗνεστὶ,
306 392 464 436 molem-1,-
488 401 522 425 at
545 400 596 424 est
618 390 662 425 ἔνι
687 388 899 432 adverbium,
934 401 967 425 et
989 402 1071 425 sunt
1102 392 1259 439 exempla
1291 393 1464 434 ruditatis,
1498 406 1563 439 qua
1595 407 1695 427 voea-

169 446 254 481 bula
278 457 368 495 quae
391 444 488 480 modi
510 455 584 479 non
608 454 688 479 sunt
709 456 828 493 neque
849 445 888 478 in
912 443 1059 492 gradum
1075 445 1225 491 aliquem
1249 448 1319 480 sive
1342 445 1513 482 narrandi
1536 448 1604 480 sive
1630 448 1695 480 im-

168 498 318 549 perandi
343 509 409 536 etc.
430 498 563 534 moveri
578 508 735 546 possunt,
758 500 798 533 in
813 499 970 534 oratione
986 511 1051 548 pro
1070 499 1174 533 modo
1199 500 1330 543 (verbo)
1353 499 1601 542 obtruduntur,
1626 513 1695 547 quo

168 554 266 588 notio
288 550 483 602 positionis,
508 563 597 599 quae
620 552 762 586 nonnisi
786 565 826 586 ex
848 552 966 600 aliquo
1000 553 1111 600 gradu
1144 565 1321 599 emergere
1351 563 1473 601 potest,
1505 554 1610 601 plane
1642 555 1694 586 in-

170 609 261 645 terit.
299 608 398 643 ,Tam
426 618 543 654 graves
568 605 774 641 offensiones
808 605 1036 654 corrigendae
1067 617 1166 642 erant
1195 607 1360 652 consili03
1392 606 1511 655 lingua
1534 615 1695 655 potera-nt

170 656 347 698 emendari
370 660 517 695 leviores
540 662 576 694 in
601 659 752 695 secunda
775 662 893 707 specie
915 660 1057 695 admissi
1081 661 1246 703 defectus,
1271 661 1317 696 ad
1340 673 1428 709 quos
1448 661 1584 695 videtur
1607 661 1695 694 refe-

169 713 330 754 rendum,
353 713 448 761 quod
471 713 642 749 Homerus
665 714 757 748 inter
780 713 1063 761 componendum
1089 727 1238 749 εν-ειπειν
1261 713 1428 749 admiscet
1445 714 1572 748 inutile
1588 713 1699 748 dedu-

170 766 274 803 cendi
306 766 516 803 elementum
540 781 570 811 σ,
597 768 712 812 ἔνισπε,
739 771 893 816 quocum
916 768 1074 804 vocalem
1096 767 1224 803 radicis
1255 776 1376 810 mutat,
1411 776 1518 816 porra
1541 768 1696 810 κάββαλε,

169 823 343 865 κάτθεσαν,
369 817 575 863 κακκείοντες,
602 827 779 865 καμμῦσαι,
807 823 927 860 confer
950 823 1140 866 κάμμοροςς
1163 829 1245 855 sunt
1267 830 1438 862 contorta,
1462 833 1534 856 non
1557 820 1697 855 adsimi-

169 876 247 917 lata,
273 886 345 923 quo
368 874 540 924 (lubitatio
565 875 703 916 exsistit,
733 885 848 910 utrum
871 875 1045 911 secundae
1076 875 1209 923 speciei
1240 876 1311 910 sint
1341 887 1388 910 an
1418 884 1576 923 quartae,
1600 875 1699 909 κακό-

168 943 270 974 μορος
299 938 351 964 est
381 937 535 976 quartae.
592 928 661 963 Tot
697 939 749 964 et.
767 939 861 965 tanta
893 931 1044 978 ingeniis
1077 931 1212 965 Atticae
1247 930 1330 965 artis
1364 928 1527 965 relictum
1558 939 1631 964 erat
1661 930 1698 962 in

170 982 321 1018 secunda
344 983 459 1028 specie
479 979 674 1023 modorum,
688 983 785 1029 quod
802 983 841 1016 ea‘
860 984 1098 1018 monumentis
1121 985 1192 1016 suis
1210 992 1302 1017 recte
1317 983 1502 1030 perfecisse
1517 991 1697 1017 testantur.

261 1036 305 1070 ln
333 1035 435 1071 tertia
469 1035 584 1082 specie
615 1034 813 1077 modorum,
845 1038 909 1083 qui
931 1049 1003 1071 non
1021 1049 1064 1070 ex
1082 1035 1236 1083 simplici
1256 1038 1349 1070 vocis
1368 1036 1556 1083 dispositae
1576 1046 1700 1070 natura

170 1089 298 1124 deduci
320 1098 475 1135 possunt,
500 1087 562 1122 sed
585 1100 626 1122 ex
649 1089 763 1122 verbis
786 1089 909 1137 primis
933 1088 1200 1136 jam'applicatis
1217 1089 1262 1123 ad
1277 1090 1432 1137 singulas
1450 1102 1521 1132 res3
1547 1102 1699 1136 quorum

169 1142 289 1184 multa,
321 1142 490 1190 quoniam
521 1144 561 1175 e'x
590 1141 689 1176 verbi
719 1141 884 1188 gradibus
913 1152 987 1177 orta
1018 1151 1111 1184 sunt,
1142 1141 1186 1176 ad
1218 1142 1358 1178 eosdem
1388 1151 1628 1185 revertuntur-3
1661 1144 1698 1176 in

170 1196 318 1246 gradum
338 1196 513 1231 narrantis
536 1194 633 1230 facile
657 1192 775 1244 aliquo
799 1195 932 1231 indicio
967 1209 1005 1230 ex
1037 1196 1216 1231 elementis
1245 1205 1356 1231 sumto
1393 1201 1438 1239 (e)
1465 1205 1697 1245 reponuntur,

171 1251 346 1286 difficilius
382 1251 422 1283 in
462 1249 608 1296 gradum
644 1251 834 1298 praesentis
867 1259 901 1284 et
931 1250 1140 1297 imperfecti,
1173 1262 1243 1295 quo
1281 1251 1321 1283 iu
1345 1250 1488 1284 Homeri
1518 1251 1697 1285 sententiis

170 1305 275 1353 positi
307 1302 458 1338 multum
488 1316 506 1336 a
534 1301 650 1337 modis
680 1303 816 1351 primae
849 1312 883 1337 et
921 1302 1095 1340 secundae
1129 1302 1261 1350 speciei
1304 1302 1481 1346 differunt,
1513 1305 1697 1338 αἰτιόωνται

171 1360 281 1406 magis
306 1357 480 1393 diversum
504 1370 522 1390 a
547 1358 702 1401 λέγονται,
730 1369 836 1404 quam
860 1358 1037 1399 αἰτιῶνται,
1064 1369 1277 1404 quamquam
1302 1355 1447 1393 derivati
1482 1370 1555 1392 esse
1579 1356 1699 1392 viden-

174 1422 232 1446 tur
253 1411 432 1459 pleniores
457 1423 561 1458 quam
583 1411 766 1456 primitivi,
797 1419 914 1444 tamen
948 1408 1049 1443 decet
1077 1423 1134 1444 eos
1165 1411 1203 1442 in
1238 1410 1365 1455 gradus
1394 1412 1493 1445 verbi
1523 1411 1697 1451 reductos,

173 1474 344 1513 quantum
367 1464 460 1506 licet,
484 1462 614 1498 similes
639 1461 718 1497 esse'
740 1464 880 1510 primis3
912 1476 992 1497 nam
1023 1462 1153 1504 eadem,
1188 1475 1278 1510 quae
1308 1464 1346 1498 in
1375 1466 1499 1511 primis
1529 1465 1697 1513 potentie,

172 1528 207 1553 at
229 1528 328 1553 aucta
350 1520 387 1552 in
410 1519 454 1564 iis
478 1516 567 1564 ag‘it3
591 1520 659 1561 jam
682 1529 787 1563 supra
812 1516 944 1551 dictum
971 1527 1030 1557 cst,
1055 1517 1198 1551 maximi
1227 1519 1395 1552 momenti
1412 1531 1494 1559 esse,
1520 1528 1553 1552 et
1577 1519 1697 1552 dicen-

173 1582 243 1606 tem
276 1581 310 1606 et
341 1571 542 1605 audientem
580 1570 708 1616 gradus
736 1569 835 1603 verbi
866 1579 961 1604 recte
994 1569 1201 1616 intelligere,
1236 1571 1318 1617 quia
1348 1572 1386 1603 in
1417 1571 1583 1617 gradibus
1615 1571 1696 1605 solis

172 1626 311 1661 numeri
333 1624 455 1661 modos
485 1624 577 1658 inire
608 1624 738 1665 valent,
770 1632 804 1658 et
832 1632 913 1671 post
943 1635 1115 1658 numeros
1138 1636 1305 1672 personae
1338 1637 1428 1672 quae
1460 1635 1519 1659 aut
1551 1625 1696 1659 dicentis

173 1687 232 1713 aut
250 1679 430 1718 *audientis
453 1688 523 1720 est,
547 1678 632 1711 inde
656 1687 783 1719 autem,
808 1677 905 1725 quod
929 1679 1067 1712 numeri
1090 1679 1152 1724 qui
1175 1677 1392 1725 singularum
1415 1679 1539 1713 virium
1562 1678 1695 1712 indicia

172 1740 263 1774 sunt,
293 1741 327 1765 ct
358 1743 528 1778 personae
558 1730 681 1765 modus
709 1743 751 1765 ex
784 1743 994 1778 quacunque
1034 1731 1149 1778 specie
1179 1731 1305 1776 petitas
1341 1744 1405 1779 per
1437 1733 1528 1764 vices
1560 1732 1695 1770 ineunt,

173 1786 305 1820 exsistit
333 1786 473 1833 positio,
513 1798 602 1832 quae
632 1784 772 1819 dilatata
808 1784 1016 1819 seutentiam
1060 1784 1208 1826 exhibet,
1239 1784 1368 1819 deinde
1397 1785 1590 1820 orationem
1625 1786 1698 1820 sive

171 1849 313 1886 prosam
342 1839 412 1872 sive
443 1839 635 1884 poeticam,
669 1836 762 1870 unde
791 1838 904 1870 omnis
942 1839 1142 1872 animorum
1182 1838 1299 1878 cultus,
1329 1838 1391 1883 qui
1422 1847 1495 1871 arte
1525 1838 1694 1885 loquendi

171 1892 286 1940 parari
308 1901 456 1941 poterat,
495 1891 675 1928 emanavit,
723 1888 830 1940 Apud
854 1890 1046 1927 Homerum
1076 1892 1190 1941 primo
1223 1893 1345 1925 obtutu
1376 1890 1503 1939 liquet,
1532 1903 1694 1926 numeros

172 1954 395 1993 etpersonas
415 1946 530 1981 modis
560 1945 720 1981 derivatis
742 1947 780 1980 in
803 1958 912 1994 praes.
936 1946 1075 1994 imperf.
1105 1947 1219 1980 minus
1255 1955 1337 1992 apte
1360 1948 1584 1981 concinnatos
1609 1958 1694 1984 esse,

174 1999 269 2045 apud
301 2000 436 2035 Atticos
474 2000 658 2047 scriptores
690 2007 806 2034 autem
837 2000 1013 2046 aptissime
1045 2009 1101 2032 eos
1138 1999 1272 2033 ineunt.
1323 2000 1363 2032 ln
1392 1998 1549 2032 derivatis
1580 1999 1696 2032 modis

174 2053 277 2091 etiam
299 2054 411 2103 ipsam
436 2052 617 2092 derivandi
639 2054 738 2099 viam,
774 2067 843 2102 qua
866 2051 925 2090 alii
957 2052 1061 2089 alium
1094 2051 1252 2094 habitum
1284 2053 1543 2095 nanciscuntur,
1575 2051 1697 2088 sedulo,
