1931 2329
941 155 963 190 ⁶

186 264 272 299 tium
297 270 358 304 est,
389 269 425 297 et
449 257 641 297 defectibus
665 259 814 294 habebat
836 258 1055 293 occasionem
1077 260 1257 307 sequentis
1287 263 1456 310 cujusque
1478 264 1597 298 aetatis
1623 268 1719 299 'exer-

184 315 326 352 cendae.
376 315 528 350 Causam
558 314 768 354 defectuum,
792 304 923 360 quibus
946 323 1002 346 ars
1019 311 1172 374 ‘linguae
1206 312 1385 348 docendae
1408 316 1447 348 in
1476 316 1589 363 prima
1615 317 1719 359 linea,

185 383 292 419 quam
322 369 498 418 originem
535 365 787 403 vocabulorum
822 365 904 408 dixi,
936 366 1087 401 maxime
1121 366 1280 402 lahorare
1322 365 1469 412 videtur,
1502 369 1721 406 referendam

183 436 257 460 esse
281 433 371 472 puto
400 423 445 458 ad
479 421 583 456 aliam
604 430 728 464 artem,
753 433 843 470 quae
874 419 995 456 multis
1024 419 1150 456 seculis
1184 430 1265 469 post
1293 421 1337 456 ad
1369 421 1522 469 primam
1553 421 1719 457 divinitus

184 479 305 515 datam
324 476 527 513 mortalium
549 488 660 511 manu
683 476 825 511 inventa
856 484 891 510 et
921 474 1104 510 elementis
1137 473 1244 523 longe
1276 475 1421 511 diversis
1446 477 1637 523 composita
1660 487 1720 513 est.

184 530 375 568 Scribendi
398 539 473 565 arte
496 529 647 579 prodita,
672 529 797 577 quibus
821 541 876 563 res
899 527 1012 563 civilis
1035 528 1166 582 mirum
1189 529 1228 562 in
1237 529 1397 564 modum
1426 529 1541 574 adjuta
1564 539 1599 564 et
1622 539 1721 565 aucta

183 594 245 628 est,
269 585 389 620 multis
412 584 669 632 impedimento
692 582 846 625 fuerunt,
871 594 943 631 quo
965 583 1084 617 minus
1105 583 1264 618 nativum
1286 582 1439 619 fundum
1460 583 1677 618 verborum·
1667 598 1721 619 m-

183 639 394 687 teuigenem,
419 650 531 685 quum
553 650 573 671 a
594 649 677 672 vero
700 638 812 684 spatio
836 635 1115 683 contempiandi‚
1146 637 1209 684 qui
1240 638 1280 670 in
1310 638 1428 671 animo
1463 637 1636 672 audientis
1660 648 1721 678 est,

183 693 336 742 depulsi,
359 703 426 739 pro
448 692 525 726 vivo
550 699 585 725 et
608 690 827 739 amplissimo
851 688 962 724 fundo
992 688 1207 739 scriptorum
1230 689 1406 726 librorum
1428 691 1601 739 inanimes
1624 692 1723 740 pagi-

183 760 243 782 nas
266 755 445 794 peterentt
472 756 543 793 quo
566 757 641 780 non
664 756 744 779 raro
766 743 899 780 factum
922 754 984 786 est,
1009 754 1050 779 ιιι
1078 756 1198 779 rerum
1226 757 1382 779 summus
1414 745 1501 780 ordo
1532 745 1722 783 invertere·

184 812 255 843 tur,
276 812 389 849 quum
413 798 466 834 illi
488 798 573 833 libri
596 798 729 847 primas
750 806 866 846 partes
888 809 991 846 agere
1012 806 1234 846 putarentur,
1257 798 1433 845 rebusque
1463 798 1630 833 inanimis
1643 797 1722 846 plus

184 853 400 892 auctoritatis
422 846 644 895 tribueretur,
669 864 779 902 quam
800 864 937 888 summo
961 851 1087 901 gradui
1116 852 1218 895 vitae,
1242 852 1434 900 unicuique
1447 860 1605 887 nostrum
1627 864 1722 887 com-

182 911 396 945 municatae.
442 908 539 942 Artis
559 906 736 955 loquendi
758 907 936 954 principia
956 905 1147 955 repetenda
1170 917 1253 955 sunt
1274 919 1317 940 ex
1340 905 1475 947 auditu,
1500 907 1595 948 cujus
1616 902 1722 953 pene·

183 964 282 997 italia
305 960 479 996 accedunt
501 959 596 997 solae
617 968 773 1000 naturae,
797 960 926 1006 quibus
950 961 990 993 in
1014 971 1097 993 voce
1119 960 1209 992 ratio
1232 967 1294 999 est,
1317 957 1488 1007 vestibula
1518 970 1618 993 voces
1640 971 1722 1005 per-

178 1016 316 1058 cellunt
338 1023 374 1058 et
384 1013 486 1055 soni-3
508 1009 703 1059 repetenda
716 1023 756 1045 ex
772 1012 919 1059 integra,
944 1023 1035 1058 quae
1054 1012 1194 1047 conscia
1209 1020 1261 1046 est
1274 1010 1394 1059 legum
1408 1024 1563 1046 summae
1578 1020 1721 1046 naturae

184 1066 365 1109 memoria,
389 1077 508 1113 neque
530 1076 613 1099 vero
638 1076 682 1099 ex
705 1064 760 1105 iis,
785 1075 875 1111 quae
898 1065 938 1098 in
962 1063 1080 1109 oculos
1104 1062 1245 1106 cadunt,
1272 1077 1361 1111 quae
1384 1064 1529 1111 quidem
1551 1074 1592 1099 ιιι
1615 1066 1721 1101 ceteri

185 1124 356 1169 deinceps
379 1131 500 1154 sensus
525 1118 730 1152 continuare
754 1126 911 1165 possunt,
936 1126 970 1151 at
992 1118 1163 1165 principii
1185 1119 1336 1152 rationes
1367 1117 1515 1152 reddere
1545 1130 1617 1152 ιιοιι
1641 1131 1722 1165 pos-

183 1185 274 1212 suut.
298 1176 409 1224 Igitur
419 1172 547 1208 utilitas
556 1172 682 1207 literae
696 1173 847 1219 scriptae
863 1184 909 1205 ne
923 1172 1097 1207 rationem
1111 1183 1326 1221 vocum,qua
1343 1172 1445 1207 verba
1452 1181 1543 1214 sunt,
1553 1172 1722 1220 impediat

185 1233 272 1279 quin
294 1228 532 1287 intelligamus
546 1234 582 1260 et
602 1237 691 1268 eam,
711 1237 804 1272 quae
827 1225 865 1259 in
890 1224 1012 1260 auditu
1036 1235 1099 1266 est,
1125 1238 1205 1261 cum
1219 1226 1368 1260 maxima
1380 1225 1614 1282 amplitudine
1637 1239 1721 1262 con-

182 1288 344 1328 junctam
366 1279 601 1316 teneritatem.
647 1278 796 1324 Agimus
820 1267 863 1311 de
886 1277 1000 1312 modis
1023 1280 1252 1327 numerisque
1281 1280 1375 1314 inter
1392 1273 1536 1325 linguae
1558 1280 1720 1326 spiritum

185 1347 220 1372 et
244 1334 404 1371 auditum
428 1331 724 1372 commeantibus,
748 1343 864 1379 neque
887 1343 970 1366 vero
994 1332 1036 1366 iis
1061 1345 1152 1380 quae
1172 1329 1266 1368 intei-
1287 1331 1422 1368 vultum
1445 1341 1481 1368 et
1503 1332 1621 1368 oculos
1644 1345 1720 1368 mo-

182 1400 319 1431 ventur,
343 1387 436 1437 infra
459 1398 548 1433 quos
572 1385 729 1419 habendi
753 1394 845 1427 sunt,
870 1390 931 1432 qui
946 1385 1103 1433 reliquas
1118 1386 1285 1435 deinceps
1304 1396 1419 1435 partes
1434 1388 1589 1435 corporis
1611 1388 1719 1422 comi-

183 1454 318 1487 tantur3
341 1452 522 1476 versamur
544 1440 583 1473 in
607 1438 743 1474 actione
774 1438 944 1486 spirandi,
969 1451 1060 1487 quae
1084 1449 1213 1474 ceteras
1237 1439 1282 1474 ad
1305 1440 1464 1476 infimam
1498 1452 1611 1488 usqne
1639 1452 1720 1488 per-

183 1506 413 1545 meat-atque
449 1494 557 1544 regit;
588 1494 695 1528 vitam
726 1492 940 1541 singularem
972 1503 1094 1535 servat,
1125 1493 1232 1529 vultui
1257 1495 1374 1530 vivum
1405 1493 1556 1531 colorem
1588 1495 1719 1536 tribuit,

183 1552 344 1586 manibus
367 1548 542 1596 liquidam
564 1547 811 1589 mobilitatem,
835 1547 986 1595 pedibus
1021 1546 1173 1595 denique
1204 1560 1285 1582 cum
1314 1548 1474 1594 agilitate·
1496 1551 1719 1591 conjunctam

183 1605 405 1646 firmitatem3
428 1615 562 1638 summa
583 1602 692 1649 igitur
714 1600 855 1637 telluris·
872 1600 1018 1637 facultas
1043 1611 1105 1644 est,
1129 1615 1236 1650 quam
1259 1601 1464 1639 brevissimo
1488 1615 1626 1638 accessu
1651 1602 1719 1636 lin-

182 1671 269 1707 guae
294 1658 488 1692 humanum
510 1657 691 1692 arbitrium
718 1665 879 1703 occupat.

237 1706 241 1709 ⁵
273 1712 414 1747 Priscae
448 1710 580 1750 aetatis,
612 1721 701 1757 quae
725 1709 871 1745 Homeri
894 1710 1040 1744 nomine
1063 1709 1273 1752 continetur,
1297 1710 1500 1746 hominibus
1530 1710 1718 1745 admodum

186 1767 357 1810 cognitam
375 1764 485 1800 fuisse
501 1764 574 1798 vim
592 1763 683 1797 vocis
695 1763 763 1810 ipsi
778 1764 1012 1812 comprobant
1024 1776 1106 1798 usu:
1122 1764 1333 1812 superabant
1348 1765 1443 1800 enim
1457 1777 1576 1800 omnes
1591 1777 1717 1812 aequa-

182 1817 245 1858 les,
270 1812 421 1863 quorum
440 1824 670 1854 monumenta
693 1813 737 1850 ad
760 1829 822 1852 nos
846 1827 1093 1865 pervenerunt,
1118 1829 1183 1853 nee
1208 1819 1250 1853 ab
1285 1819 1370 1861 ullis
1393 1820 1540 1868 posteris
1563 1819 1718 1866 superati

183 1878 277 1911 sunt,
301 1877 437 1916 praeter
458 1871 706 1908 Athenienses.
727 1884 729 1886 ·
753 1870 887 1907 Vocem
909 1872 1100 1908 humanam
1123 1871 1281 1908 distinxit
1304 1886 1351 1912 ea>
1367 1882 1459 1908 aetas
1482 1873 1518 1907 in
1544 1871 1716 1907 elementa

188 1922 461 1972 simplicissima,
486 1936 520 1957 ex
536 1937 659 1963 rursus
677 1926 764 1971 epte
777 1926 975 1969 concinnat,
997 1935 1038 1961 ut
1052 1926 1118 1961 hoc
1131 1928 1256 1962 mentis
1263 1928 1391 1963 rationi
1403 1927 1588 1966 conveniat
1602 1935 1636 1961 et
1648 1928 1716 1974 ipsi

183 1976 354 2024 spii-aenio
387 1975 545 2024 eorporis
572 1978 865 2020 incommodant,
897 1980 945 2014 ita
966 1988 1008 2014 ιιι
1029 1980 1216 2015 verborum
1245 1993 1305 2015 eae
1328 1989 1456 2027 partes,
1495 1993 1584 2027 quae
1620 1980 1717 2015 modi

178 2038 288 2071 flunt».
302 2041 421 2066 omnes
444 2028 600 2076 eleganti
623 2026 738 2069 batim
755 2033 837 2074 sint,
864 2040 908 2075 et,
930 2044 1022 2080 quae
1045 2034 1184 2069 numeri
1208 2036 1319 2068 vicem
1333 2043 1447 2081 agant,
1471 2034 1585 2069 modis
1599 2031 1716 2068 vivide

182 2093 369 2120 ῦοοῑθῐὶῑω·
414 2083 493 2118 Non
517 2082 600 2119 dico
624 2081 723 2117 illam
748 2095 889 2123 vet-tem
912 2087 1017 2121 verba
1040 2100 1100 2123 sua
1116 2087 1269 2123 funditus
1286 2087 1494 2131 condidisse,
1518 2087 1716 2134 antiquiora
