<?xml version="1.0" encoding="UTF-8"?>
<!DOCTYPE html PUBLIC "-//W3C//DTD XHTML 1.0 Transitional//EN"
    "http://www.w3.org/TR/xhtml1/DTD/xhtml1-transitional.dtd">
<html xmlns="http://www.w3.org/1999/xhtml" xml:lang="en" lang="en">
 <head>
  <title>
</title>
<meta http-equiv="Content-Type" content="text/html;charset=utf-8" />
  <meta name='ocr-system' content='tesseract 3.04.00' />
  <meta name='ocr-capabilities' content='ocr_page ocr_carea ocr_par ocr_line ocrx_word'/>
</head>
<body>
  <div class='ocr_page' id='page_1' title='image "./4771779_0012.png"; bbox 0 0 1931 2329; ppageno 0'>
   <div class='ocr_carea' id='block_1_1' title="bbox 972 145 994 177">
    <p class='ocr_par' dir='ltr' id='par_1_1' title="bbox 972 145 994 177">
     <span class='ocr_line' id='line_1_1' title="bbox 972 145 994 177; baseline 0 0"><span class='ocrx_word' id='word_1_1' title='bbox 972 145 994 177; x_wconf 78' lang='lat'><strong>4</strong></span> 
     </span>
    </p>
   </div>
   <div class='ocr_carea' id='block_1_2' title="bbox 871 188 1087 196">
    <p class='ocr_par' dir='ltr' id='par_1_2' title="bbox 871 188 1087 196">
     <span class='ocr_line' id='line_1_2' title="bbox 871 188 1087 196; baseline 0 2133"><span class='ocrx_word' id='word_1_2' title='bbox 871 188 1087 196; x_wconf 95' lang='lat' dir='ltr'> </span> 
     </span>
    </p>
   </div>
   <div class='ocr_carea' id='block_1_3' title="bbox 169 250 1807 2080">
    <p class='ocr_par' dir='ltr' id='par_1_3' title="bbox 212 250 1795 410">
     <span class='ocr_line' id='line_1_3' title="bbox 213 250 1752 299; baseline -0.001 -11"><span class='ocrx_word' id='word_1_3' title='bbox 213 261 367 288; x_wconf 77' lang='lat' dir='ltr'>nostrum</span> <span class='ocrx_word' id='word_1_4' title='bbox 383 251 726 297; x_wconf 78' lang='lat' dir='ltr'>substructadictum</span> <span class='ocrx_word' id='word_1_5' title='bbox 744 260 804 293; x_wconf 86' lang='lat' dir='ltr'>est,</span> <span class='ocrx_word' id='word_1_6' title='bbox 823 250 906 286; x_wconf 87' lang='lat' dir='ltr'>licet</span> <span class='ocrx_word' id='word_1_7' title='bbox 924 260 1055 286; x_wconf 83' lang='lat' dir='ltr'>vertere</span> <span class='ocrx_word' id='word_1_8' title='bbox 1073 251 1111 286; x_wconf 89' lang='lat' dir='ltr'>in</span> <span class='ocrx_word' id='word_1_9' title='bbox 1121 251 1225 286; x_wconf 82' lang='lat' dir='ltr'>vitam</span> <span class='ocrx_word' id='word_1_10' title='bbox 1235 264 1420 299; x_wconf 81' lang='lat' dir='ltr'>eam,quae</span> <span class='ocrx_word' id='word_1_11' title='bbox 1429 253 1561 289; x_wconf 84' lang='lat' dir='ltr'>ratione</span> <span class='ocrx_word' id='word_1_12' title='bbox 1570 254 1752 298; x_wconf 15' lang='lat' dir='ltr'>societatis&amp;</span> 
     </span>
     <span class='ocr_line' id='line_1_4' title="bbox 214 305 1795 355; baseline 0 -14"><span class='ocrx_word' id='word_1_13' title='bbox 214 307 374 342; x_wconf 78' lang='lat' dir='ltr'>inchoata</span> <span class='ocrx_word' id='word_1_14' title='bbox 397 307 532 354; x_wconf 80' lang='lat' dir='ltr'>patriae</span> <span class='ocrx_word' id='word_1_15' title='bbox 556 307 723 341; x_wconf 83' lang='lat' dir='ltr'>orationis</span> <span class='ocrx_word' id='word_1_16' title='bbox 749 305 921 351; x_wconf 80' lang='lat' dir='ltr'>praesidio</span> <span class='ocrx_word' id='word_1_17' title='bbox 946 314 1078 340; x_wconf 81' lang='lat' dir='ltr'>servata</span> <span class='ocrx_word' id='word_1_18' title='bbox 1105 315 1139 340; x_wconf 90' lang='lat' dir='ltr'>et</span> <span class='ocrx_word' id='word_1_19' title='bbox 1161 316 1261 340; x_wconf 69' lang='lat' dir='ltr'>aucta</span> <span class='ocrx_word' id='word_1_20' title='bbox 1293 314 1362 348; x_wconf 87' lang='lat' dir='ltr'>est;</span> <span class='ocrx_word' id='word_1_21' title='bbox 1392 319 1499 352; x_wconf 86' lang='lat' dir='ltr'>qnam</span> <span class='ocrx_word' id='word_1_22' title='bbox 1529 308 1591 354; x_wconf 84' lang='lat' dir='ltr'>qui</span> <span class='ocrx_word' id='word_1_23' title='bbox 1614 308 1742 354; x_wconf 81' lang='lat' dir='ltr'>partim</span> <span class='ocrx_word' id='word_1_24' title='bbox 1792 353 1795 355; x_wconf 15' lang='grc' dir='ltr'>η</span> 
     </span>
     <span class='ocr_line' id='line_1_5' title="bbox 212 354 1743 410; baseline 0.001 -15"><span class='ocrx_word' id='word_1_25' title='bbox 212 359 396 409; x_wconf 80' lang='lat' dir='ltr'>relinquit,</span> <span class='ocrx_word' id='word_1_26' title='bbox 420 362 547 410; x_wconf 80' lang='lat' dir='ltr'>partim</span> <span class='ocrx_word' id='word_1_27' title='bbox 581 361 719 401; x_wconf 84' lang='lat' dir='ltr'>retinet,</span> <span class='ocrx_word' id='word_1_28' title='bbox 745 372 822 393; x_wconf 83' lang='lat' dir='ltr'>mox</span> <span class='ocrx_word' id='word_1_29' title='bbox 852 369 968 394; x_wconf 83' lang='lat' dir='ltr'>mente</span> <span class='ocrx_word' id='word_1_30' title='bbox 994 354 1121 395; x_wconf 69' lang='lat' dir='ltr'>eadem</span> <span class='ocrx_word' id='word_1_31' title='bbox 1152 360 1305 408; x_wconf 84' lang='lat' dir='ltr'>patietur</span> <span class='ocrx_word' id='word_1_32' title='bbox 1335 373 1373 394; x_wconf 87' lang='lat' dir='ltr'>ac</span> <span class='ocrx_word' id='word_1_33' title='bbox 1404 361 1542 396; x_wconf 86' lang='lat' dir='ltr'>animus</span> <span class='ocrx_word' id='word_1_34' title='bbox 1572 363 1674 396; x_wconf 84' lang='lat' dir='ltr'>sentit</span> <span class='ocrx_word' id='word_1_35' title='bbox 1708 363 1743 396; x_wconf 90' lang='lat' dir='ltr'>in</span> 
     </span>
    </p>

    <p class='ocr_par' dir='ltr' id='par_1_4' title="bbox 169 414 1807 2080">
     <span class='ocr_line' id='line_1_6' title="bbox 169 414 1744 463; baseline -0.001 -13"><span class='ocrx_word' id='word_1_36' title='bbox 169 419 177 423; x_wconf 78' lang='grc'><strong><em>’</em></strong></span> <span class='ocrx_word' id='word_1_37' title='bbox 215 416 567 463; x_wconf 76' lang='lat' dir='ltr'>corpore‘contrariis</span> <span class='ocrx_word' id='word_1_38' title='bbox 582 415 713 450; x_wconf 73' lang='lat' dir='ltr'>vii-ihus</span> <span class='ocrx_word' id='word_1_39' title='bbox 729 414 865 462; x_wconf 82' lang='lat' dir='ltr'>agitatu.</span> <span class='ocrx_word' id='word_1_40' title='bbox 914 414 1011 448; x_wconf 84' lang='lat' dir='ltr'>Hanc</span> <span class='ocrx_word' id='word_1_41' title='bbox 1029 425 1162 463; x_wconf 86' lang='lat' dir='ltr'>pestem</span> <span class='ocrx_word' id='word_1_42' title='bbox 1180 430 1198 449; x_wconf 90' lang='lat' dir='ltr'>a</span> <span class='ocrx_word' id='word_1_43' title='bbox 1220 416 1350 450; x_wconf 84' lang='lat' dir='ltr'>teneris</span> <span class='ocrx_word' id='word_1_44' title='bbox 1366 416 1540 450; x_wconf 87' lang='lat' dir='ltr'>mentibus</span> <span class='ocrx_word' id='word_1_45' title='bbox 1559 414 1744 450; x_wconf 75' lang='lat' dir='ltr'>defendere</span> 
     </span>
     <span class='ocr_line' id='line_1_7' title="bbox 217 467 1746 517; baseline -0.001 -13"><span class='ocrx_word' id='word_1_46' title='bbox 217 473 340 504; x_wconf 82' lang='lat' dir='ltr'>eornm</span> <span class='ocrx_word' id='word_1_47' title='bbox 367 471 517 504; x_wconf 79' lang='lat' dir='ltr'>maxime</span> <span class='ocrx_word' id='word_1_48' title='bbox 548 478 609 511; x_wconf 88' lang='lat' dir='ltr'>est,</span> <span class='ocrx_word' id='word_1_49' title='bbox 640 468 768 517; x_wconf 89' lang='lat' dir='ltr'>quibus</span> <span class='ocrx_word' id='word_1_50' title='bbox 803 479 961 503; x_wconf 84' lang='lat' dir='ltr'>sanctum</span> <span class='ocrx_word' id='word_1_51' title='bbox 995 467 1144 503; x_wconf 80' lang='lat' dir='ltr'>docendi</span> <span class='ocrx_word' id='word_1_52' title='bbox 1177 481 1306 504; x_wconf 84' lang='lat' dir='ltr'>munus</span> <span class='ocrx_word' id='word_1_53' title='bbox 1337 469 1445 516; x_wconf 81' lang='lat' dir='ltr'>patria</span> <span class='ocrx_word' id='word_1_54' title='bbox 1478 468 1623 511; x_wconf 88' lang='lat' dir='ltr'>traditit,</span> <span class='ocrx_word' id='word_1_55' title='bbox 1648 471 1746 513; x_wconf 69' lang='lat' dir='ltr'>cuius</span> 
     </span>
     <span class='ocr_line' id='line_1_8' title="bbox 215 518 1748 578; baseline -0.001 -20"><span class='ocrx_word' id='word_1_56' title='bbox 215 522 343 559; x_wconf 76' lang='lat' dir='ltr'>studiis</span> <span class='ocrx_word' id='word_1_57' title='bbox 367 518 634 578; x_wconf 69' lang='lat' dir='ltr'>auctoritatique</span> <span class='ocrx_word' id='word_1_58' title='bbox 658 535 730 558; x_wconf 88' lang='lat' dir='ltr'>non</span> <span class='ocrx_word' id='word_1_59' title='bbox 755 536 874 558; x_wconf 85' lang='lat' dir='ltr'>omnes</span> <span class='ocrx_word' id='word_1_60' title='bbox 898 524 1084 570; x_wconf 85' lang='lat' dir='ltr'>scriptores</span> <span class='ocrx_word' id='word_1_61' title='bbox 1108 525 1311 568; x_wconf 81' lang='lat' dir='ltr'>conjunctos</span> <span class='ocrx_word' id='word_1_62' title='bbox 1344 535 1479 565; x_wconf 87' lang='lat' dir='ltr'>censeo,</span> <span class='ocrx_word' id='word_1_63' title='bbox 1514 535 1602 571; x_wconf 87' lang='lat' dir='ltr'>quos</span> <span class='ocrx_word' id='word_1_64' title='bbox 1634 536 1748 573; x_wconf 86' lang='lat' dir='ltr'>popu-</span> 
     </span>
     <span class='ocr_line' id='line_1_9' title="bbox 215 576 1749 624; baseline 0 -14"><span class='ocrx_word' id='word_1_65' title='bbox 215 577 272 611; x_wconf 76' lang='lat' dir='ltr'>lns</span> <span class='ocrx_word' id='word_1_66' title='bbox 292 577 398 612; x_wconf 88' lang='lat' dir='ltr'>hodie</span> <span class='ocrx_word' id='word_1_67' title='bbox 420 577 552 618; x_wconf 80' lang='lat' dir='ltr'>laudat,</span> <span class='ocrx_word' id='word_1_68' title='bbox 577 589 666 624; x_wconf 81' lang='lat' dir='ltr'>quor</span> <span class='ocrx_word' id='word_1_69' title='bbox 670 590 727 610; x_wconf 93' lang='lat' dir='ltr'>um</span> <span class='ocrx_word' id='word_1_70' title='bbox 751 576 912 622; x_wconf 85' lang='lat' dir='ltr'>plerique</span> <span class='ocrx_word' id='word_1_71' title='bbox 935 578 1085 623; x_wconf 84' lang='lat' dir='ltr'>pessimo</span> <span class='ocrx_word' id='word_1_72' title='bbox 1110 576 1271 624; x_wconf 83' lang='lat' dir='ltr'>exemplo</span> <span class='ocrx_word' id='word_1_73' title='bbox 1299 577 1465 611; x_wconf 82' lang='lat' dir='ltr'>vocabula</span> <span class='ocrx_word' id='word_1_74' title='bbox 1496 576 1640 610; x_wconf 82' lang='lat' dir='ltr'>diversis</span> <span class='ocrx_word' id='word_1_75' title='bbox 1670 588 1749 610; x_wconf 65' lang='lat' dir='ltr'>cor-2</span> 
     </span>
     <span class='ocr_line' id='line_1_10' title="bbox 216 629 1749 681; baseline 0.001 -17"><span class='ocrx_word' id='word_1_76' title='bbox 216 629 364 678; x_wconf 83' lang='lat' dir='ltr'>poribus</span> <span class='ocrx_word' id='word_1_77' title='bbox 394 639 470 666; x_wconf 83' lang='lat' dir='ltr'>orta</span> <span class='ocrx_word' id='word_1_78' title='bbox 499 631 536 664; x_wconf 88' lang='lat' dir='ltr'>in</span> <span class='ocrx_word' id='word_1_79' title='bbox 568 643 675 664; x_wconf 85' lang='lat' dir='ltr'>unam</span> <span class='ocrx_word' id='word_1_80' title='bbox 708 630 925 665; x_wconf 85' lang='lat' dir='ltr'>senteutiam</span> <span class='ocrx_word' id='word_1_81' title='bbox 950 629 1195 679; x_wconf 82' lang='lat' dir='ltr'>conglutinare</span> <span class='ocrx_word' id='word_1_82' title='bbox 1236 631 1412 667; x_wconf 84' lang='lat' dir='ltr'>incassum</span> <span class='ocrx_word' id='word_1_83' title='bbox 1440 640 1629 675; x_wconf 80' lang='lat' dir='ltr'>conantur,</span> <span class='ocrx_word' id='word_1_84' title='bbox 1663 642 1749 681; x_wconf 84' lang='lat' dir='ltr'>quos</span> 
     </span>
     <span class='ocr_line' id='line_1_11' title="bbox 218 684 1807 734; baseline -0.001 -14"><span class='ocrx_word' id='word_1_85' title='bbox 218 693 292 721; x_wconf 86' lang='lat' dir='ltr'>non</span> <span class='ocrx_word' id='word_1_86' title='bbox 321 688 453 734; x_wconf 85' lang='lat' dir='ltr'>poteris</span> <span class='ocrx_word' id='word_1_87' title='bbox 480 687 572 734; x_wconf 83' lang='lat' dir='ltr'>quin</span> <span class='ocrx_word' id='word_1_88' title='bbox 610 686 811 721; x_wconf 84' lang='lat' dir='ltr'>offensionis</span> <span class='ocrx_word' id='word_1_89' title='bbox 842 687 973 733; x_wconf 78' lang='lat' dir='ltr'>impiae</span> <span class='ocrx_word' id='word_1_90' title='bbox 1003 699 1081 721; x_wconf 80' lang='lat' dir='ltr'>reos</span> <span class='ocrx_word' id='word_1_91' title='bbox 1113 686 1265 731; x_wconf 83' lang='lat' dir='ltr'>agendos</span> <span class='ocrx_word' id='word_1_92' title='bbox 1303 684 1417 732; x_wconf 79' lang='lat' dir='ltr'>putes,</span> <span class='ocrx_word' id='word_1_93' title='bbox 1456 686 1631 732; x_wconf 86' lang='lat' dir='ltr'>simulque</span> <span class='ocrx_word' id='word_1_94' title='bbox 1658 685 1752 720; x_wconf 82' lang='lat' dir='ltr'>suedi</span> <span class='ocrx_word' id='word_1_95' title='bbox 1801 686 1807 695; x_wconf 70' lang='grc'><em>“</em></span> 
     </span>
     <span class='ocr_line' id='line_1_12' title="bbox 217 737 1751 787; baseline 0.001 -15"><span class='ocrx_word' id='word_1_96' title='bbox 217 739 302 773; x_wconf 80' lang='lat' dir='ltr'>furti</span> <span class='ocrx_word' id='word_1_97' title='bbox 326 751 459 785; x_wconf 82' lang='lat' dir='ltr'>arguas.</span> <span class='ocrx_word' id='word_1_98' title='bbox 508 739 623 773; x_wconf 82' lang='lat' dir='ltr'>Potest</span> <span class='ocrx_word' id='word_1_99' title='bbox 650 739 780 772; x_wconf 88' lang='lat' dir='ltr'>mirum</span> <span class='ocrx_word' id='word_1_100' title='bbox 806 739 930 779; x_wconf 84' lang='lat' dir='ltr'>videri,</span> <span class='ocrx_word' id='word_1_101' title='bbox 956 738 1043 787; x_wconf 88' lang='lat' dir='ltr'>quid</span> <span class='ocrx_word' id='word_1_102' title='bbox 1064 737 1108 772; x_wconf 87' lang='lat' dir='ltr'>ad</span> <span class='ocrx_word' id='word_1_103' title='bbox 1131 738 1221 773; x_wconf 85' lang='lat' dir='ltr'>illud</span> <span class='ocrx_word' id='word_1_104' title='bbox 1248 739 1445 781; x_wconf 88' lang='lat' dir='ltr'>consilium,</span> <span class='ocrx_word' id='word_1_105' title='bbox 1479 740 1575 787; x_wconf 84' lang='lat' dir='ltr'>qnod</span> <span class='ocrx_word' id='word_1_106' title='bbox 1606 739 1751 774; x_wconf 85' lang='lat' dir='ltr'>Germa-</span> 
     </span>
     <span class='ocr_line' id='line_1_13' title="bbox 220 792 1751 842; baseline 0.001 -15"><span class='ocrx_word' id='word_1_107' title='bbox 220 792 300 828; x_wconf 83' lang='lat' dir='ltr'>niae</span> <span class='ocrx_word' id='word_1_108' title='bbox 323 794 465 837; x_wconf 77' lang='lat' dir='ltr'>iuvenes</span> <span class='ocrx_word' id='word_1_109' title='bbox 489 802 631 841; x_wconf 75' lang='lat' dir='ltr'>spectet,</span> <span class='ocrx_word' id='word_1_110' title='bbox 659 794 796 828; x_wconf 84' lang='lat' dir='ltr'>Atticae</span> <span class='ocrx_word' id='word_1_111' title='bbox 819 794 986 829; x_wconf 84' lang='lat' dir='ltr'>orationis</span> <span class='ocrx_word' id='word_1_112' title='bbox 1010 794 1223 842; x_wconf 85' lang='lat' dir='ltr'>comparatio</span> <span class='ocrx_word' id='word_1_113' title='bbox 1246 793 1375 838; x_wconf 53' lang='lat' dir='ltr'>saciat,</span> <span class='ocrx_word' id='word_1_114' title='bbox 1390 794 1449 828; x_wconf 89' lang='lat' dir='ltr'>cui</span> <span class='ocrx_word' id='word_1_115' title='bbox 1473 806 1654 842; x_wconf 87' lang='lat' dir='ltr'>opponere</span> <span class='ocrx_word' id='word_1_116' title='bbox 1681 806 1751 829; x_wconf 85' lang='lat' dir='ltr'>non</span> 
     </span>
     <span class='ocr_line' id='line_1_14' title="bbox 220 846 1801 895; baseline -0.001 -14"><span class='ocrx_word' id='word_1_117' title='bbox 220 846 353 889; x_wconf 84' lang='lat' dir='ltr'>dubito,</span> <span class='ocrx_word' id='word_1_118' title='bbox 382 849 477 883; x_wconf 85' lang='lat' dir='ltr'>inter</span> <span class='ocrx_word' id='word_1_119' title='bbox 505 860 638 889; x_wconf 89' lang='lat' dir='ltr'>omnes,</span> <span class='ocrx_word' id='word_1_120' title='bbox 670 861 760 895; x_wconf 86' lang='lat' dir='ltr'>quae</span> <span class='ocrx_word' id='word_1_121' title='bbox 792 848 881 882; x_wconf 82' lang='lat' dir='ltr'>hane</span> <span class='ocrx_word' id='word_1_122' title='bbox 912 858 1038 882; x_wconf 86' lang='lat' dir='ltr'>terram</span> <span class='ocrx_word' id='word_1_123' title='bbox 1068 847 1303 887; x_wconf 86' lang='lat' dir='ltr'>incoluerunt,</span> <span class='ocrx_word' id='word_1_124' title='bbox 1328 846 1461 881; x_wconf 85' lang='lat' dir='ltr'>nullam</span> <span class='ocrx_word' id='word_1_125' title='bbox 1489 856 1627 894; x_wconf 80' lang='lat' dir='ltr'>gentem</span> <span class='ocrx_word' id='word_1_126' title='bbox 1660 857 1753 882; x_wconf 78' lang='lat' dir='ltr'>tanta</span> <span class='ocrx_word' id='word_1_127' title='bbox 1799 853 1801 856; x_wconf 83' lang='grc'>’</span> 
     </span>
     <span class='ocr_line' id='line_1_15' title="bbox 219 900 1754 950; baseline 0 -15"><span class='ocrx_word' id='word_1_128' title='bbox 219 900 349 948; x_wconf 75' lang='lat' dir='ltr'>pietate</span> <span class='ocrx_word' id='word_1_129' title='bbox 388 901 427 936; x_wconf 89' lang='lat' dir='ltr'>in</span> <span class='ocrx_word' id='word_1_130' title='bbox 458 900 579 950; x_wconf 84' lang='lat' dir='ltr'>lingua</span> <span class='ocrx_word' id='word_1_131' title='bbox 609 902 802 949; x_wconf 85' lang='lat' dir='ltr'>antiquitus</span> <span class='ocrx_word' id='word_1_132' title='bbox 834 901 959 937; x_wconf 78' lang='lat' dir='ltr'>tradita</span> <span class='ocrx_word' id='word_1_133' title='bbox 991 913 1152 943; x_wconf 84' lang='lat' dir='ltr'>servasse,</span> <span class='ocrx_word' id='word_1_134' title='bbox 1184 914 1291 949; x_wconf 85' lang='lat' dir='ltr'>quam</span> <span class='ocrx_word' id='word_1_135' title='bbox 1323 900 1565 943; x_wconf 76' lang='lat' dir='ltr'>Athenienses,</span> <span class='ocrx_word' id='word_1_136' title='bbox 1594 901 1630 937; x_wconf 83' lang='lat' dir='ltr'>e‘t</span> <span class='ocrx_word' id='word_1_137' title='bbox 1651 900 1754 935; x_wconf 88' lang='lat' dir='ltr'>simul</span> 
     </span>
     <span class='ocr_line' id='line_1_16' title="bbox 221 952 1754 1002; baseline -0.002 -12"><span class='ocrx_word' id='word_1_138' title='bbox 221 963 317 992; x_wconf 79' lang='lat' dir='ltr'>tanto</span> <span class='ocrx_word' id='word_1_139' title='bbox 352 956 526 997; x_wconf 85' lang='lat' dir='ltr'>acumine,</span> <span class='ocrx_word' id='word_1_140' title='bbox 556 969 622 1002; x_wconf 86' lang='lat' dir='ltr'>per</span> <span class='ocrx_word' id='word_1_141' title='bbox 651 957 759 991; x_wconf 80' lang='lat' dir='ltr'>varias</span> <span class='ocrx_word' id='word_1_142' title='bbox 790 956 947 1002; x_wconf 68' lang='lat' dir='ltr'>fortunas</span> <span class='ocrx_word' id='word_1_143' title='bbox 989 957 1160 991; x_wconf 79' lang='lat' dir='ltr'><strong>constanti</strong></span> <span class='ocrx_word' id='word_1_144' title='bbox 1192 955 1356 995; x_wconf 87' lang='lat' dir='ltr'>coluisse,</span> <span class='ocrx_word' id='word_1_145' title='bbox 1387 952 1486 1000; x_wconf 83' lang='lat' dir='ltr'>quod</span> <span class='ocrx_word' id='word_1_146' title='bbox 1518 957 1754 988; x_wconf 81' lang='lat' dir='ltr'>monumentis</span> 
     </span>
     <span class='ocr_line' id='line_1_17' title="bbox 221 1003 1754 1050; baseline -0.001 -8"><span class='ocrx_word' id='word_1_147' title='bbox 221 1008 328 1043; x_wconf 85' lang='lat' dir='ltr'>hodie</span> <span class='ocrx_word' id='word_1_148' title='bbox 353 1010 456 1042; x_wconf 89' lang='lat' dir='ltr'>etiam</span> <span class='ocrx_word' id='word_1_149' title='bbox 480 1008 619 1050; x_wconf 83' lang='lat' dir='ltr'>docent,</span> <span class='ocrx_word' id='word_1_150' title='bbox 644 1017 679 1042; x_wconf 88' lang='lat' dir='ltr'>et</span> <span class='ocrx_word' id='word_1_151' title='bbox 701 1008 784 1041; x_wconf 88' lang='lat' dir='ltr'>dum</span> <span class='ocrx_word' id='word_1_152' title='bbox 808 1017 923 1044; x_wconf 87' lang='lat' dir='ltr'>rectae</span> <span class='ocrx_word' id='word_1_153' title='bbox 947 1009 1115 1043; x_wconf 85' lang='lat' dir='ltr'>orationis</span> <span class='ocrx_word' id='word_1_154' title='bbox 1138 1003 1294 1042; x_wconf 76' lang='lat' dir='ltr'>studium</span> <span class='ocrx_word' id='word_1_155' title='bbox 1318 1007 1412 1042; x_wconf 85' lang='lat' dir='ltr'>inter</span> <span class='ocrx_word' id='word_1_156' title='bbox 1433 1007 1592 1043; x_wconf 81' lang='lat' dir='ltr'>homines</span> <span class='ocrx_word' id='word_1_157' title='bbox 1616 1008 1693 1049; x_wconf 88' lang='lat' dir='ltr'>erit,</span> <span class='ocrx_word' id='word_1_158' title='bbox 1718 1008 1754 1042; x_wconf 90' lang='lat' dir='ltr'>in</span> 
     </span>
     <span class='ocr_line' id='line_1_18' title="bbox 221 1060 1755 1111; baseline 0 -14"><span class='ocrx_word' id='word_1_159' title='bbox 221 1072 403 1110; x_wconf 83' lang='lat' dir='ltr'>posterum</span> <span class='ocrx_word' id='word_1_160' title='bbox 427 1062 616 1097; x_wconf 85' lang='lat' dir='ltr'>docebunt.</span> <span class='ocrx_word' id='word_1_161' title='bbox 664 1061 781 1110; x_wconf 80' lang='lat' dir='ltr'>Super</span> <span class='ocrx_word' id='word_1_162' title='bbox 803 1062 870 1096; x_wconf 84' lang='lat' dir='ltr'>hac</span> <span class='ocrx_word' id='word_1_163' title='bbox 900 1075 940 1097; x_wconf 90' lang='lat' dir='ltr'>re</span> <span class='ocrx_word' id='word_1_164' title='bbox 971 1063 1184 1110; x_wconf 85' lang='lat' dir='ltr'>gravissima,</span> <span class='ocrx_word' id='word_1_165' title='bbox 1215 1073 1319 1111; x_wconf 88' lang='lat' dir='ltr'>quam</span> <span class='ocrx_word' id='word_1_166' title='bbox 1351 1061 1458 1109; x_wconf 85' lang='lat' dir='ltr'>tetigi,</span> <span class='ocrx_word' id='word_1_167' title='bbox 1489 1073 1561 1097; x_wconf 89' lang='lat' dir='ltr'>non</span> <span class='ocrx_word' id='word_1_168' title='bbox 1585 1060 1669 1097; x_wconf 87' lang='lat' dir='ltr'>licet</span> <span class='ocrx_word' id='word_1_169' title='bbox 1694 1074 1755 1110; x_wconf 81' lang='lat' dir='ltr'>pro</span> 
     </span>
     <span class='ocr_line' id='line_1_19' title="bbox 224 1115 1758 1166; baseline -0.001 -15"><span class='ocrx_word' id='word_1_170' title='bbox 224 1125 369 1166; x_wconf 80' lang='lat' dir='ltr'>angusto</span> <span class='ocrx_word' id='word_1_171' title='bbox 393 1118 506 1165; x_wconf 85' lang='lat' dir='ltr'>spatio</span> <span class='ocrx_word' id='word_1_172' title='bbox 531 1115 643 1151; x_wconf 86' lang='lat' dir='ltr'>libelli</span> <span class='ocrx_word' id='word_1_173' title='bbox 667 1126 814 1158; x_wconf 85' lang='lat' dir='ltr'>tantum,</span> <span class='ocrx_word' id='word_1_174' title='bbox 839 1118 926 1151; x_wconf 89' lang='lat' dir='ltr'>utin</span> <span class='ocrx_word' id='word_1_175' title='bbox 938 1118 1057 1151; x_wconf 84' lang='lat' dir='ltr'>animo</span> <span class='ocrx_word' id='word_1_176' title='bbox 1079 1127 1140 1158; x_wconf 85' lang='lat' dir='ltr'>est,</span> <span class='ocrx_word' id='word_1_177' title='bbox 1155 1118 1341 1158; x_wconf 77' lang='lat' dir='ltr'>disserere3</span> <span class='ocrx_word' id='word_1_178' title='bbox 1357 1128 1525 1150; x_wconf 80' lang='lat' dir='ltr'>summam</span> <span class='ocrx_word' id='word_1_179' title='bbox 1544 1117 1660 1163; x_wconf 82' lang='lat' dir='ltr'>paucis</span> <span class='ocrx_word' id='word_1_180' title='bbox 1673 1129 1758 1151; x_wconf 89' lang='lat' dir='ltr'>con-</span> 
     </span>
     <span class='ocr_line' id='line_1_20' title="bbox 198 1169 1757 1219; baseline -0.001 -15"><span class='ocrx_word' id='word_1_181' title='bbox 198 1202 201 1204; x_wconf 15' lang='lat'><em>*</em></span> <span class='ocrx_word' id='word_1_182' title='bbox 224 1172 376 1219; x_wconf 55' lang='lat' dir='ltr'>cipiam}</span> <span class='ocrx_word' id='word_1_183' title='bbox 398 1172 446 1206; x_wconf 85' lang='lat' dir='ltr'>ita</span> <span class='ocrx_word' id='word_1_184' title='bbox 460 1170 750 1217; x_wconf 78' lang='lat' dir='ltr'>praecipiendum</span> <span class='ocrx_word' id='word_1_185' title='bbox 770 1178 831 1212; x_wconf 89' lang='lat' dir='ltr'>est,</span> <span class='ocrx_word' id='word_1_186' title='bbox 846 1171 1065 1212; x_wconf 85' lang='lat' dir='ltr'>sententiam,</span> <span class='ocrx_word' id='word_1_187' title='bbox 1083 1182 1185 1218; x_wconf 84' lang='lat' dir='ltr'>quam</span> <span class='ocrx_word' id='word_1_188' title='bbox 1204 1169 1397 1204; x_wconf 87' lang='lat' dir='ltr'>vernaculis</span> <span class='ocrx_word' id='word_1_189' title='bbox 1414 1170 1528 1204; x_wconf 84' lang='lat' dir='ltr'>verbis</span> <span class='ocrx_word' id='word_1_190' title='bbox 1550 1171 1757 1218; x_wconf 85' lang='lat' dir='ltr'>inceperint,</span> 
     </span>
     <span class='ocr_line' id='line_1_21' title="bbox 224 1223 1759 1272; baseline -0.001 -13"><span class='ocrx_word' id='word_1_191' title='bbox 224 1224 351 1259; x_wconf 76' lang='lat' dir='ltr'>iisdem</span> <span class='ocrx_word' id='word_1_192' title='bbox 365 1225 601 1272; x_wconf 83' lang='lat' dir='ltr'>perficiunto3</span> <span class='ocrx_word' id='word_1_193' title='bbox 619 1225 762 1259; x_wconf 89' lang='lat' dir='ltr'>nomina</span> <span class='ocrx_word' id='word_1_194' title='bbox 774 1225 931 1271; x_wconf 87' lang='lat' dir='ltr'>gentium</span> <span class='ocrx_word' id='word_1_195' title='bbox 951 1234 985 1257; x_wconf 91' lang='lat' dir='ltr'>et</span> <span class='ocrx_word' id='word_1_196' title='bbox 1004 1225 1147 1271; x_wconf 84' lang='lat' dir='ltr'>propria</span> <span class='ocrx_word' id='word_1_197' title='bbox 1169 1235 1235 1270; x_wconf 89' lang='lat' dir='ltr'>per</span> <span class='ocrx_word' id='word_1_198' title='bbox 1258 1234 1378 1257; x_wconf 89' lang='lat' dir='ltr'>omnes</span> <span class='ocrx_word' id='word_1_199' title='bbox 1401 1223 1535 1270; x_wconf 81' lang='lat' dir='ltr'>linguas</span> <span class='ocrx_word' id='word_1_200' title='bbox 1560 1226 1759 1258; x_wconf 79' lang='lat' dir='ltr'>communia</span> 
     </span>
     <span class='ocr_line' id='line_1_22' title="bbox 223 1277 1759 1325; baseline -0.001 -12"><span class='ocrx_word' id='word_1_201' title='bbox 223 1291 315 1324; x_wconf 72' lang='lat' dir='ltr'>ease3</span> <span class='ocrx_word' id='word_1_202' title='bbox 340 1277 473 1313; x_wconf 84' lang='lat' dir='ltr'>deinde</span> <span class='ocrx_word' id='word_1_203' title='bbox 490 1290 509 1311; x_wconf 85' lang='lat' dir='ltr'>a</span> <span class='ocrx_word' id='word_1_204' title='bbox 531 1277 667 1325; x_wconf 81' lang='lat' dir='ltr'>vulgari</span> <span class='ocrx_word' id='word_1_205' title='bbox 682 1278 788 1311; x_wconf 87' lang='lat' dir='ltr'>modo</span> <span class='ocrx_word' id='word_1_206' title='bbox 811 1277 993 1324; x_wconf 82' lang='lat' dir='ltr'>loquendi,</span> <span class='ocrx_word' id='word_1_207' title='bbox 1015 1278 1076 1323; x_wconf 84' lang='lat' dir='ltr'>qui</span> <span class='ocrx_word' id='word_1_208' title='bbox 1105 1279 1142 1311; x_wconf 88' lang='lat' dir='ltr'>in</span> <span class='ocrx_word' id='word_1_209' title='bbox 1162 1277 1279 1312; x_wconf 86' lang='lat' dir='ltr'>multis</span> <span class='ocrx_word' id='word_1_210' title='bbox 1291 1278 1428 1325; x_wconf 83' lang='lat' dir='ltr'>scriptis</span> <span class='ocrx_word' id='word_1_211' title='bbox 1454 1287 1487 1313; x_wconf 85' lang='lat' dir='ltr'>et</span> <span class='ocrx_word' id='word_1_212' title='bbox 1509 1279 1545 1312; x_wconf 91' lang='lat' dir='ltr'>in</span> <span class='ocrx_word' id='word_1_213' title='bbox 1571 1279 1681 1313; x_wconf 76' lang='lat' dir='ltr'>triviis</span> <span class='ocrx_word' id='word_1_214' title='bbox 1704 1279 1759 1318; x_wconf 89' lang='lat' dir='ltr'>sit,</span> 
     </span>
     <span class='ocr_line' id='line_1_23' title="bbox 225 1330 1761 1381; baseline 0 -14"><span class='ocrx_word' id='word_1_215' title='bbox 225 1333 370 1367; x_wconf 79' lang='lat' dir='ltr'>differre</span> <span class='ocrx_word' id='word_1_216' title='bbox 389 1343 462 1367; x_wconf 89' lang='lat' dir='ltr'>non</span> <span class='ocrx_word' id='word_1_217' title='bbox 479 1343 551 1366; x_wconf 88' lang='lat' dir='ltr'>esse</span> <span class='ocrx_word' id='word_1_218' title='bbox 568 1330 748 1365; x_wconf 80' lang='lat' dir='ltr'>discedere</span> <span class='ocrx_word' id='word_1_219' title='bbox 763 1344 782 1365; x_wconf 82' lang='lat' dir='ltr'>a</span> <span class='ocrx_word' id='word_1_220' title='bbox 801 1331 904 1379; x_wconf 85' lang='lat' dir='ltr'>genio</span> <span class='ocrx_word' id='word_1_221' title='bbox 920 1330 1060 1378; x_wconf 79' lang='lat' dir='ltr'>linguae</span> <span class='ocrx_word' id='word_1_222' title='bbox 1076 1333 1221 1379; x_wconf 80' lang='lat' dir='ltr'>patriae,</span> <span class='ocrx_word' id='word_1_223' title='bbox 1237 1332 1273 1365; x_wconf 91' lang='lat' dir='ltr'>in</span> <span class='ocrx_word' id='word_1_224' title='bbox 1292 1345 1361 1380; x_wconf 81' lang='lat' dir='ltr'>qua</span> <span class='ocrx_word' id='word_1_225' title='bbox 1375 1333 1534 1380; x_wconf 83' lang='lat' dir='ltr'>persistat</span> <span class='ocrx_word' id='word_1_226' title='bbox 1549 1332 1609 1381; x_wconf 85' lang='lat' dir='ltr'>qui</span> <span class='ocrx_word' id='word_1_227' title='bbox 1628 1332 1761 1380; x_wconf 81' lang='lat' dir='ltr'>princi-</span> 
     </span>
     <span class='ocr_line' id='line_1_24' title="bbox 225 1380 1760 1436; baseline -0.001 -14"><span class='ocrx_word' id='word_1_228' title='bbox 225 1388 287 1436; x_wconf 77' lang='lat' dir='ltr'>pia</span> <span class='ocrx_word' id='word_1_229' title='bbox 308 1387 512 1436; x_wconf 49' lang='lat' dir='ltr'>retinuerim</span> <span class='ocrx_word' id='word_1_230' title='bbox 533 1380 635 1433; x_wconf 82' lang='lat' dir='ltr'>posse</span> <span class='ocrx_word' id='word_1_231' title='bbox 651 1386 689 1419; x_wconf 91' lang='lat' dir='ltr'>in</span> <span class='ocrx_word' id='word_1_232' title='bbox 706 1385 905 1433; x_wconf 78' lang='lat' dir='ltr'>perfectum</span> <span class='ocrx_word' id='word_1_233' title='bbox 927 1385 1116 1433; x_wconf 86' lang='lat' dir='ltr'>exemplar,</span> <span class='ocrx_word' id='word_1_234' title='bbox 1141 1387 1242 1433; x_wconf 73' lang='lat' dir='ltr'>quod,</span> <span class='ocrx_word' id='word_1_235' title='bbox 1262 1386 1398 1421; x_wconf 88' lang='lat' dir='ltr'>Graeco</span> <span class='ocrx_word' id='word_1_236' title='bbox 1421 1388 1564 1422; x_wconf 85' lang='lat' dir='ltr'>nomine</span> <span class='ocrx_word' id='word_1_237' title='bbox 1587 1387 1760 1421; x_wconf 82' lang='lat' dir='ltr'>munitum</span> 
     </span>
     <span class='ocr_line' id='line_1_25' title="bbox 225 1440 1762 1489; baseline -0.001 -13"><span class='ocrx_word' id='word_1_238' title='bbox 225 1443 263 1476; x_wconf 89' lang='lat' dir='ltr'>in</span> <span class='ocrx_word' id='word_1_239' title='bbox 292 1449 435 1489; x_wconf 83' lang='lat' dir='ltr'>pectore</span> <span class='ocrx_word' id='word_1_240' title='bbox 479 1440 629 1488; x_wconf 88' lang='lat' dir='ltr'>quisque</span> <span class='ocrx_word' id='word_1_241' title='bbox 658 1448 766 1486; x_wconf 78' lang='lat' dir='ltr'>gerat,</span> <span class='ocrx_word' id='word_1_242' title='bbox 797 1440 940 1481; x_wconf 90' lang='lat' dir='ltr'>intueri,</span> <span class='ocrx_word' id='word_1_243' title='bbox 972 1448 1006 1473; x_wconf 89' lang='lat' dir='ltr'>et</span> <span class='ocrx_word' id='word_1_244' title='bbox 1029 1440 1241 1474; x_wconf 83' lang='lat' dir='ltr'>abstinentes</span> <span class='ocrx_word' id='word_1_245' title='bbox 1275 1440 1318 1473; x_wconf 83' lang='lat' dir='ltr'>ab</span> <span class='ocrx_word' id='word_1_246' title='bbox 1351 1441 1446 1474; x_wconf 89' lang='lat' dir='ltr'>omni</span> <span class='ocrx_word' id='word_1_247' title='bbox 1477 1441 1667 1482; x_wconf 75' lang='lat' dir='ltr'>invasione,</span> <span class='ocrx_word' id='word_1_248' title='bbox 1693 1453 1762 1488; x_wconf 83' lang='lat' dir='ltr'>qua</span> 
     </span>
     <span class='ocr_line' id='line_1_26' title="bbox 227 1493 1762 1542; baseline -0.001 -11"><span class='ocrx_word' id='word_1_249' title='bbox 227 1494 339 1531; x_wconf 80' lang='lat' dir='ltr'>aliena</span> <span class='ocrx_word' id='word_1_250' title='bbox 362 1495 434 1530; x_wconf 72' lang='lat' dir='ltr'>sive</span> <span class='ocrx_word' id='word_1_251' title='bbox 457 1494 625 1530; x_wconf 76' lang='lat' dir='ltr'>voeabula</span> <span class='ocrx_word' id='word_1_252' title='bbox 648 1496 719 1529; x_wconf 87' lang='lat' dir='ltr'>sive</span> <span class='ocrx_word' id='word_1_253' title='bbox 742 1506 797 1528; x_wconf 86' lang='lat' dir='ltr'>res</span> <span class='ocrx_word' id='word_1_254' title='bbox 821 1495 860 1528; x_wconf 85' lang='lat' dir='ltr'>in</span> <span class='ocrx_word' id='word_1_255' title='bbox 883 1494 1037 1528; x_wconf 78' lang='lat' dir='ltr'>nativum</span> <span class='ocrx_word' id='word_1_256' title='bbox 1061 1493 1198 1528; x_wconf 76' lang='lat' dir='ltr'>cultum</span> <span class='ocrx_word' id='word_1_257' title='bbox 1221 1494 1357 1529; x_wconf 87' lang='lat' dir='ltr'>futurae</span> <span class='ocrx_word' id='word_1_258' title='bbox 1379 1496 1468 1542; x_wconf 85' lang='lat' dir='ltr'>pesti</span> <span class='ocrx_word' id='word_1_259' title='bbox 1490 1495 1762 1536; x_wconf 71' lang='lat' dir='ltr'>immisceamur,</span> 
     </span>
     <span class='ocr_line' id='line_1_27' title="bbox 230 1546 1762 1596; baseline -0.001 -12"><span class='ocrx_word' id='word_1_260' title='bbox 230 1550 375 1590; x_wconf 82' lang='lat' dir='ltr'>discere,</span> <span class='ocrx_word' id='word_1_261' title='bbox 405 1550 449 1583; x_wconf 77' lang='lat' dir='ltr'>iis</span> <span class='ocrx_word' id='word_1_262' title='bbox 476 1548 633 1596; x_wconf 86' lang='lat' dir='ltr'>propriis</span> <span class='ocrx_word' id='word_1_263' title='bbox 671 1548 842 1595; x_wconf 86' lang='lat' dir='ltr'>partibus,</span> <span class='ocrx_word' id='word_1_264' title='bbox 884 1560 973 1595; x_wconf 86' lang='lat' dir='ltr'>quae</span> <span class='ocrx_word' id='word_1_265' title='bbox 1006 1546 1133 1590; x_wconf 80' lang='lat' dir='ltr'>adsint,</span> <span class='ocrx_word' id='word_1_266' title='bbox 1174 1548 1342 1594; x_wconf 85' lang='lat' dir='ltr'>prudenti</span> <span class='ocrx_word' id='word_1_267' title='bbox 1380 1548 1529 1583; x_wconf 87' lang='lat' dir='ltr'>consilio</span> <span class='ocrx_word' id='word_1_268' title='bbox 1560 1549 1623 1589; x_wconf 88' lang='lat' dir='ltr'>uti,</span> <span class='ocrx_word' id='word_1_269' title='bbox 1653 1561 1762 1596; x_wconf 84' lang='lat' dir='ltr'>quum</span> 
     </span>
     <span class='ocr_line' id='line_1_28' title="bbox 233 1600 1762 1650; baseline -0.001 -13"><span class='ocrx_word' id='word_1_270' title='bbox 233 1602 438 1637; x_wconf 75' lang='lat' dir='ltr'>Graecitatis</span> <span class='ocrx_word' id='word_1_271' title='bbox 466 1602 569 1650; x_wconf 86' lang='lat' dir='ltr'>genio</span> <span class='ocrx_word' id='word_1_272' title='bbox 603 1600 693 1636; x_wconf 87' lang='lat' dir='ltr'>duce</span> <span class='ocrx_word' id='word_1_273' title='bbox 726 1600 937 1641; x_wconf 78' lang='lat' dir='ltr'>discernant,</span> <span class='ocrx_word' id='word_1_274' title='bbox 974 1613 1064 1649; x_wconf 81' lang='lat' dir='ltr'>quae</span> <span class='ocrx_word' id='word_1_275' title='bbox 1098 1610 1213 1649; x_wconf 82' lang='lat' dir='ltr'>pai-tes</span> <span class='ocrx_word' id='word_1_276' title='bbox 1248 1602 1427 1648; x_wconf 86' lang='lat' dir='ltr'>patiantur</span> <span class='ocrx_word' id='word_1_277' title='bbox 1459 1603 1762 1650; x_wconf 86' lang='lat' dir='ltr'>compositionem,</span> 
     </span>
     <span class='ocr_line' id='line_1_29' title="bbox 230 1654 1763 1716; baseline 0 -25"><span class='ocrx_word' id='word_1_278' title='bbox 230 1668 321 1704; x_wconf 82' lang='lat' dir='ltr'>qnae</span> <span class='ocrx_word' id='word_1_279' title='bbox 345 1663 466 1690; x_wconf 83' lang='lat' dir='ltr'>eontra</span> <span class='ocrx_word' id='word_1_280' title='bbox 495 1655 753 1690; x_wconf 82' lang='lat' dir='ltr'>constructione</span> <span class='ocrx_word' id='word_1_281' title='bbox 780 1654 1085 1716; x_wconf 16' lang='grc' dir='ltr'>νεῙῙιιιῃίιιιΡειιάἰ,</span> <span class='ocrx_word' id='word_1_282' title='bbox 1119 1654 1296 1702; x_wconf 84' lang='lat' dir='ltr'>quomodo</span> <span class='ocrx_word' id='word_1_283' title='bbox 1326 1657 1402 1690; x_wconf 88' lang='lat' dir='ltr'>sine</span> <span class='ocrx_word' id='word_1_284' title='bbox 1426 1655 1501 1690; x_wconf 88' lang='lat' dir='ltr'>ullo</span> <span class='ocrx_word' id='word_1_285' title='bbox 1524 1657 1665 1703; x_wconf 85' lang='lat' dir='ltr'>negotio</span> <span class='ocrx_word' id='word_1_286' title='bbox 1689 1664 1763 1691; x_wconf 83' lang='lat' dir='ltr'>tum</span> 
     </span>
     <span class='ocr_line' id='line_1_30' title="bbox 229 1708 1762 1757; baseline 0 -13"><span class='ocrx_word' id='word_1_287' title='bbox 229 1709 389 1745; x_wconf 81' lang='lat' dir='ltr'>deductis</span> <span class='ocrx_word' id='word_1_288' title='bbox 422 1717 497 1743; x_wconf 85' lang='lat' dir='ltr'>tum</span> <span class='ocrx_word' id='word_1_289' title='bbox 531 1710 731 1756; x_wconf 83' lang='lat' dir='ltr'>compositis</span> <span class='ocrx_word' id='word_1_290' title='bbox 755 1709 950 1756; x_wconf 64' lang='lat' dir='ltr'>comparui</span> <span class='ocrx_word' id='word_1_291' title='bbox 982 1710 1019 1742; x_wconf 87' lang='lat' dir='ltr'>in</span> <span class='ocrx_word' id='word_1_292' title='bbox 1051 1710 1166 1756; x_wconf 86' lang='lat' dir='ltr'>patrio</span> <span class='ocrx_word' id='word_1_293' title='bbox 1195 1708 1305 1743; x_wconf 86' lang='lat' dir='ltr'>fundo</span> <span class='ocrx_word' id='word_1_294' title='bbox 1341 1710 1477 1757; x_wconf 90' lang='lat' dir='ltr'>possint</span> <span class='ocrx_word' id='word_1_295' title='bbox 1506 1710 1604 1757; x_wconf 83' lang='lat' dir='ltr'>signa</span> <span class='ocrx_word' id='word_1_296' title='bbox 1632 1722 1762 1750; x_wconf 84' lang='lat' dir='ltr'>rerum,</span> 
     </span>
     <span class='ocr_line' id='line_1_31' title="bbox 236 1761 1764 1812; baseline 0.001 -14"><span class='ocrx_word' id='word_1_297' title='bbox 236 1774 320 1807; x_wconf 69' lang='lat' dir='ltr'>que</span> <span class='ocrx_word' id='word_1_298' title='bbox 341 1774 465 1798; x_wconf 90' lang='lat' dir='ltr'>recens</span> <span class='ocrx_word' id='word_1_299' title='bbox 489 1761 651 1810; x_wconf 83' lang='lat' dir='ltr'>proditae</span> <span class='ocrx_word' id='word_1_300' title='bbox 674 1764 753 1805; x_wconf 89' lang='lat' dir='ltr'>sint,</span> <span class='ocrx_word' id='word_1_301' title='bbox 775 1764 821 1798; x_wconf 83' lang='lat' dir='ltr'>ita</span> <span class='ocrx_word' id='word_1_302' title='bbox 843 1774 948 1798; x_wconf 81' lang='lat' dir='ltr'>coeca</span> <span class='ocrx_word' id='word_1_303' title='bbox 971 1763 1210 1810; x_wconf 83' lang='lat' dir='ltr'>inaequalium</span> <span class='ocrx_word' id='word_1_304' title='bbox 1240 1764 1393 1811; x_wconf 87' lang='lat' dir='ltr'>partium</span> <span class='ocrx_word' id='word_1_305' title='bbox 1417 1765 1648 1806; x_wconf 78' lang='lat' dir='ltr'>contorsione,</span> <span class='ocrx_word' id='word_1_306' title='bbox 1673 1777 1764 1812; x_wconf 87' lang='lat' dir='ltr'>quae</span> 
     </span>
     <span class='ocr_line' id='line_1_32' title="bbox 234 1811 1761 1866; baseline 0.001 -14"><span class='ocrx_word' id='word_1_307' title='bbox 234 1811 342 1848; x_wconf 61' lang='lat' dir='ltr'>hodio</span> <span class='ocrx_word' id='word_1_308' title='bbox 366 1826 437 1852; x_wconf 85' lang='lat' dir='ltr'>tam</span> <span class='ocrx_word' id='word_1_309' title='bbox 467 1816 636 1864; x_wconf 80' lang='lat' dir='ltr'>frequens</span> <span class='ocrx_word' id='word_1_310' title='bbox 669 1825 730 1858; x_wconf 89' lang='lat' dir='ltr'>est,</span> <span class='ocrx_word' id='word_1_311' title='bbox 760 1826 799 1851; x_wconf 86' lang='lat' dir='ltr'>nt</span> <span class='ocrx_word' id='word_1_312' title='bbox 829 1816 957 1852; x_wconf 88' lang='lat' dir='ltr'>multas</span> <span class='ocrx_word' id='word_1_313' title='bbox 986 1819 1130 1864; x_wconf 79' lang='lat' dir='ltr'>paginas</span> <span class='ocrx_word' id='word_1_314' title='bbox 1158 1829 1298 1864; x_wconf 87' lang='lat' dir='ltr'>possem</span> <span class='ocrx_word' id='word_1_315' title='bbox 1332 1819 1374 1852; x_wconf 87' lang='lat' dir='ltr'>iis</span> <span class='ocrx_word' id='word_1_316' title='bbox 1414 1819 1561 1853; x_wconf 83' lang='lat' dir='ltr'>citandis</span> <span class='ocrx_word' id='word_1_317' title='bbox 1599 1818 1761 1866; x_wconf 82' lang='lat' dir='ltr'>implere,</span> 
     </span>
     <span class='ocr_line' id='line_1_33' title="bbox 233 1867 1762 1919; baseline 0.002 -15"><span class='ocrx_word' id='word_1_318' title='bbox 233 1869 377 1909; x_wconf 65' lang='lat' dir='ltr'>iuvenes</span> <span class='ocrx_word' id='word_1_319' title='bbox 402 1867 567 1905; x_wconf 48' lang='lat' dir='ltr'>Germani</span> <span class='ocrx_word' id='word_1_320' title='bbox 586 1869 824 1910; x_wconf 86' lang='lat' dir='ltr'>abstinebunt,</span> <span class='ocrx_word' id='word_1_321' title='bbox 848 1872 1018 1905; x_wconf 84' lang='lat' dir='ltr'>sinceram</span> <span class='ocrx_word' id='word_1_322' title='bbox 1043 1871 1252 1911; x_wconf 83' lang='lat' dir='ltr'>Germaniae</span> <span class='ocrx_word' id='word_1_323' title='bbox 1275 1870 1536 1919; x_wconf 85' lang='lat' dir='ltr'>simplicitatem</span> <span class='ocrx_word' id='word_1_324' title='bbox 1555 1881 1762 1919; x_wconf 85' lang='lat' dir='ltr'>repetentes,</span> 
     </span>
     <span class='ocr_line' id='line_1_34' title="bbox 234 1919 1763 1970; baseline 0.003 -12"><span class='ocrx_word' id='word_1_325' title='bbox 234 1929 268 1955; x_wconf 85' lang='lat' dir='ltr'>et</span> <span class='ocrx_word' id='word_1_326' title='bbox 288 1919 368 1955; x_wconf 72' lang='lat' dir='ltr'>vivo</span> <span class='ocrx_word' id='word_1_327' title='bbox 392 1931 433 1953; x_wconf 72' lang='lat'>⁸⁰</span> <span class='ocrx_word' id='word_1_328' title='bbox 457 1919 582 1960; x_wconf 53' lang='lat' dir='ltr'>salust-i</span> <span class='ocrx_word' id='word_1_329' title='bbox 604 1924 702 1960; x_wconf 83' lang='lat' dir='ltr'>fonte</span> <span class='ocrx_word' id='word_1_330' title='bbox 725 1923 913 1959; x_wconf 83' lang='lat' dir='ltr'>verborum</span> <span class='ocrx_word' id='word_1_331' title='bbox 937 1926 1124 1961; x_wconf 87' lang='lat' dir='ltr'>instructos</span> <span class='ocrx_word' id='word_1_332' title='bbox 1160 1925 1312 1961; x_wconf 85' lang='lat' dir='ltr'>taedebit</span> <span class='ocrx_word' id='word_1_333' title='bbox 1341 1926 1488 1960; x_wconf 84' lang='lat' dir='ltr'>barbara</span> <span class='ocrx_word' id='word_1_334' title='bbox 1520 1926 1671 1961; x_wconf 85' lang='lat' dir='ltr'>colluvie</span> <span class='ocrx_word' id='word_1_335' title='bbox 1703 1930 1763 1970; x_wconf 89' lang='lat' dir='ltr'>uti,</span> 
     </span>
     <span class='ocr_line' id='line_1_35' title="bbox 235 1971 1765 2025; baseline 0.002 -13"><span class='ocrx_word' id='word_1_336' title='bbox 235 1973 330 2008; x_wconf 72' lang='lat' dir='ltr'>unde</span> <span class='ocrx_word' id='word_1_337' title='bbox 362 1973 464 2007; x_wconf 74' lang='lat' dir='ltr'>brevi</span> <span class='ocrx_word' id='word_1_338' title='bbox 496 1971 608 2007; x_wconf 74' lang='lat' dir='ltr'>multo</span> <span class='ocrx_word' id='word_1_339' title='bbox 634 1977 820 2013; x_wconf 54' lang='lat' dir='ltr'>candidior</span> <span class='ocrx_word' id='word_1_340' title='bbox 854 1978 1023 2025; x_wconf 81' lang='lat' dir='ltr'>procedet</span> <span class='ocrx_word' id='word_1_341' title='bbox 1063 1980 1183 2014; x_wconf 86' lang='lat' dir='ltr'>oratio.</span> <span class='ocrx_word' id='word_1_342' title='bbox 1232 1979 1336 2023; x_wconf 89' lang='lat' dir='ltr'>Quod</span> <span class='ocrx_word' id='word_1_343' title='bbox 1366 1981 1413 2021; x_wconf 88' lang='lat' dir='ltr'>si,</span> <span class='ocrx_word' id='word_1_344' title='bbox 1451 1980 1583 2025; x_wconf 75' lang='lat' dir='ltr'>quibus</span> <span class='ocrx_word' id='word_1_345' title='bbox 1614 1980 1765 2015; x_wconf 88' lang='lat' dir='ltr'>‘docendi</span> 
     </span>
     <span class='ocr_line' id='line_1_36' title="bbox 235 2025 1766 2080; baseline 0.001 -16"><span class='ocrx_word' id='word_1_346' title='bbox 235 2038 361 2060; x_wconf 81' lang='lat' dir='ltr'>munus</span> <span class='ocrx_word' id='word_1_347' title='bbox 384 2025 553 2061; x_wconf 85' lang='lat' dir='ltr'>traditum</span> <span class='ocrx_word' id='word_1_348' title='bbox 577 2033 637 2067; x_wconf 68' lang='lat'>0⁵²2</span> <span class='ocrx_word' id='word_1_349' title='bbox 660 2032 788 2072; x_wconf 67' lang='lat' dir='ltr'>pamiae</span> <span class='ocrx_word' id='word_1_350' title='bbox 811 2031 950 2080; x_wconf 86' lang='lat' dir='ltr'>legibus</span> <span class='ocrx_word' id='word_1_351' title='bbox 974 2030 1162 2067; x_wconf 74' lang='lat' dir='ltr'>concordes</span> <span class='ocrx_word' id='word_1_352' title='bbox 1185 2032 1344 2075; x_wconf 79' lang='lat' dir='ltr'>fecerint,</span> <span class='ocrx_word' id='word_1_353' title='bbox 1369 2041 1504 2074; x_wconf 84' lang='lat' dir='ltr'>tantum</span> <span class='ocrx_word' id='word_1_354' title='bbox 1526 2032 1632 2076; x_wconf 85' lang='lat' dir='ltr'>abest,</span> <span class='ocrx_word' id='word_1_355' title='bbox 1663 2041 1704 2068; x_wconf 85' lang='lat' dir='ltr'>ut</span> <span class='ocrx_word' id='word_1_356' title='bbox 1726 2032 1766 2067; x_wconf 88' lang='lat' dir='ltr'>in</span> 
     </span>
    </p>
   </div>
   <div class='ocr_carea' id='block_1_4' title="bbox 230 2078 1765 2141">
    <p class='ocr_par' dir='ltr' id='par_1_5' title="bbox 230 2078 1765 2141">
     <span class='ocr_line' id='line_1_37' title="bbox 230 2078 1765 2141; baseline -0.004 -13"><span class='ocrx_word' id='word_1_357' title='bbox 230 2078 430 2127; x_wconf 56' lang='lat' dir='ltr'>„ninum”</span> <span class='ocrx_word' id='word_1_358' title='bbox 453 2079 605 2128; x_wconf 58' lang='lat' dir='ltr'>*lulum</span> <span class='ocrx_word' id='word_1_359' title='bbox 626 2088 764 2119; x_wconf 64' lang='lat' dir='ltr'>memes</span> <span class='ocrx_word' id='word_1_360' title='bbox 785 2086 933 2129; x_wconf 63' lang='lat' dir='ltr'>nunonis</span> <span class='ocrx_word' id='word_1_361' title='bbox 949 2095 1087 2124; x_wconf 83' lang='lat' dir='ltr'>nostrae</span> <span class='ocrx_word' id='word_1_362' title='bbox 1104 2087 1296 2133; x_wconf 81' lang='lat' dir='ltr'>incurrant,</span> <span class='ocrx_word' id='word_1_363' title='bbox 1321 2088 1497 2141; x_wconf 73' lang='lat' dir='ltr'>rebusque</span> <span class='ocrx_word' id='word_1_364' title='bbox 1514 2086 1765 2137; x_wconf 82' lang='lat' dir='ltr'>cognoscendis</span> 
     </span>
    </p>
   </div>
  </div>
 </body>
</html>
