1931 2329
946 135 966 168 3

194 245 280 284 viro,
302 243 366 290 'qui
387 243 426 277 in
451 248 531 289 'agro
555 255 628 285 suo,
655 242 749 277 unde
772 242 947 277 frumenta
970 242 1129 283 redeunt,
1154 241 1230 275 loca
1253 241 1383 276 sterilia
1401 242 1514 285 habet,
1539 243 1599 278 ubi
1616 255 1716 292 prae-

195 306 287 331 terea
317 309 393 331 saxa
425 297 676 343 impedimenta
706 305 809 338 sunt,
856 309 945 343 quae
976 297 1089 329 vivum
1115 297 1204 330 aeris
1235 296 1397 330 adflatum
1430 297 1534 332 humo
1563 297 1716 347 solisque

192 350 305 386 mdios
329 354 468 393 arceut‘3
491 363 566 385 saxa
590 349 657 393 alia
680 350 744 384 viis
755 349 952 386 sternendis
972 349 1241 397 impenduntur,
1267 350 1333 384 alia
1355 350 1545 394 aedificiis3·
1563 350 1716 400 impedi·

193 414 309 440 menta
332 403 462 438 sublata
486 413 585 446 sunt,
620 414 654 438 et
676 403 805 440 sterilia
838 403 930 438 ultro
962 404 997 437 in
1029 403 1118 437 laeta
1149 398 1275 450 pascua
1308 414 1505 445 mutantur,
1540 418 1611 453 quo
1634 407 1715 455 qui-

191 458 273 493 dem
296 469 367 491 non
391 458 608 505 prohibetur,
633 466 673 491 ut
694 457 808 505 fruges
832 459 909 504 agri
930 457 1054 491 eodem
1075 456 1179 491 modo
1204 469 1271 502 quo
1286 469 1395 500 antea,
1422 460 1544 506 capiat,
1566 469 1602 494 at
1616 459 1713 495 valde

191 510 392 553 delectatur,
416 512 584 560 quoniam
609 523 704 545 nunc
727 510 875 545 fundum
900 510 986 546 olim
1011 519 1224 558 segregatum
1251 512 1354 557 gratis
1376 508 1506 546 finibus
1531 515 1569 546 in
1581 522 1713 547 ceteras

190 568 349 614 regiones
372 566 549 613 prolatum
580 574 614 601 et
636 568 790 610 junctum
821 565 1088 612 contemplatur.
1136 565 1187 599 Ne
1221 564 1287 600 hoc
1317 559 1482 613 ⁴quidem,
1515 565 1613 615 quod
1645 579 1712 616 per

189 617 458 658 similitudi-nem
491 619 561 653 dixi
592 621 737 654 omnino
767 632 896 655 novum
925 620 986 661 e's't,
1010 633 1089 653 nam
1123 618 1202 653 illae
1225 619 1344 654 literae
1367 621 1406 654 in
1426 634 1548 655 manus
1567 621 1713 655 tradun-

190 683 246 709 tur
268 673 506 721 ipsiusrtiam
528 672 668 721 linguae
700 685 812 715 causa,
847 674 944 718 cujus
979 672 1197 707 admirentur
1226 674 1399 720 egregiam
1429 682 1650 717 structuram,
1674 676 1713 709 in

189 740 257 774 qua
280 728 403 773 genius
428 727 633 772 Graecitatis
656 727 843 769 habitabat,
866 726 960 761 unde
990 736 1058 769 tam
1091 725 1158 762 alta
1188 728 1388 774 cognitione
1416 738 1549 764 mentes
1572 728 1711 772 imbuit,

188 788 282 815 tanto
306 781 440 827 patriae
463 793 580 814 amore
604 781 800 828 ceterisque
822 781 1007 815 virtutibus
1032 781 1176 814 animos.

278 834 364 877 Quia
393 842 551 868 nostrum
583 842 644 876 cst,
676 835 763 882 quin
789 833 909 869 laudet
932 833 1019 867 illud
1044 836 1109 877 jam
1137 833 1271 868 dudum
1295 834 1386 868 inter
1407 846 1470 869 nos
1494 835 1710 879 institutum3

186 898 219 922 at
243 892 353 935 quum
377 886 524 950 plurimi
548 885 647 923 illam
670 888 828 936 linguam
850 898 974 932 vocent
997 899 1169 924 mortuam
1185 889 1255 923 sive
1271 888 1482 931 defunctam,
1495 890 1575 926 satis
1598 889 1712 926 decla-

184 951 273 983 rant,
298 953 334 976 se
357 942 498 977 nonnisi
521 954 540 975 e
563 941 757 989 longinquo
781 955 860 976 eam
881 944 1012 977 intueri
1033 955 1144 991 parco
1173 942 1270 990 quod
1304 944 1342 977 in
1373 945 1540 978 memoria
1570 954 1622 979 est
1646 945 1711 979 lu-

184 997 292 1037 mine,
324 1004 359 1037 et
397 1003 521 1042 putare
561 1006 636 1028 eam
678 995 786 1029 veluti
822 995 1031 1031 fortunatam
1073 996 1241 1038 insulam,
1280 1008 1370 1044 quae
1409 997 1581 1033 immenso
1619 997 1708 1034 freto

164 1052 340 1098 *cojuncta
362 1049 416 1084 sit.
466 1049 562 1090 Quae
586 1048 777 1082 aestimatio
801 1050 864 1089 rei,
889 1062 958 1095 qua
982 1051 1118 1082 animus
1142 1049 1187 1082 ad
1210 1049 1323 1095 elegos
1347 1049 1505 1092 inclinet,
1528 1063 1710 1099 nunquam

184 1103 272 1137 mihi
304 1102 449 1150 quidem
481 1097 626 1154 probata
655 1102 751 1141 suit,
771 1101 832 1136 sed
869 1100 1134 1136 adolescentulis
1165 1103 1449 1149 persuadendum
1478 1116 1551 1139 esse
1578 1108 1709 1152 putavi,

184 1155 375 1191 earundem
413 1168 531 1190 rerum
562 1156 739 1202 principia
772 1156 808 1188 in
839 1165 1033 1189 nostratum
1063 1157 1221 1191 oratioue
1261 1158 1400 1199 versari,
1446 1166 1481 1192 et
1518 1158 1710 1194 formarum

183 1209 291 1244 multa
314 1209 438 1244 saltem
460 1209 570 1250 initia,
604 1220 677 1242 non
701 1205 772 1243 esse
795 1208 892 1242 fretis
917 1208 1079 1243 dissitum
1109 1209 1213 1242 illum
1242 1209 1385 1251 cultum,
1418 1223 1536 1258 neque
1566 1212 1635 1247 alia
1664 1214 1707 1248 ab

183 1264 345 1299 humanis
368 1262 500 1298 viribus
524 1261 636 1297 aliena
659 1263 695 1297 vi
717 1261 902 1304 seclusum,
927 1262 1101 1296 contineri
1129 1263 1168 1295 in
1192 1262 1416 1304 humanitate,
1444 1273 1479 1297 et
1507 1264 1552 1298 ad
1580 1278 1708 1300 uuum-

181 1330 372 1367 quemque,
393 1319 491 1360 eujus
514 1315 737 1352 humanitatis
765 1316 960 1368 p1imordia
993 1316 1120 1350 tributa
1153 1316 1241 1357 sint,
1274 1316 1460 1363 pertinere,
1492 1330 1565 1353 non
1594 1318 1708 1355 :olum

181 1372 425 1420 propinquum
450 1383 532 1412 esse,
558 1370 619 1404 sed
642 1370 798 1404 vicinum
821 1371 936 1411 etiam,
968 1379 1003 1404 et
1026 1371 1097 1404 via
1111 1371 1326 1405 commercii
1345 1369 1431 1405 adeo
1460 1375 1706 1435 conjunctum3

182 1435 218 1461 at
240 1425 385 1467 vicinos,
409 1425 565 1473 quamvis
589 1433 629 1460 et.
646 1425 764 1460 animo
788 1433 825 1459 et
846 1435 994 1472 corpore
1017 1422 1140 1458 iisdem
1172 1423 1359 1472 principiis
1390 1426 1498 1471 geniti
1531 1427 1613 1470 sint,
1642 1440 1706 1462 auo

183 1483 257 1522 jure
281 1491 459 1527 quemque
483 1481 521 1513 in
545 1492 606 1514 suo
630 1479 739 1513 fundo
764 1479 825 1520 uti,
856 1491 970 1525 neque
999 1478 1145 1512 alterum
1175 1479 1214 1512 in
1250 1478 1338 1513 fines
1369 1478 1509 1515 alterius
1538 1481 1707 1517 violenter

182 1532 364 1576 invadere3
408 1533 516 1579 igitur
546 1531 751 1565 enitendum
782 1543 865 1572 esse,
889 1540 928 1566 ut
956 1543 1027 1565 non
1051 1531 1162 1565 solum
1185 1531 1348 1566 fruantur
1368 1533 1422 1573 iis,
1446 1546 1535 1581 quae
1558 1534 1706 1570 aliarum

182 1587 308 1622 virium
333 1598 438 1635 opera
462 1594 583 1634 coepta
607 1593 642 1620 et
662 1594 830 1620 maturata
853 1585 934 1627 sint,
958 1584 1020 1618 sed
1043 1598 1079 1619 ex
1101 1585 1353 1632 perfectissimo
1378 1586 1566 1635 exemplari
1580 1587 1706 1624 form.-

180 1653 262 1675 rum
285 1641 432 1682 discant,
455 1641 608 1675 nativam
630 1640 823 1675 orationem
846 1639 971 1675 colere,
1019 1639 1240 1686 Quamquam
1263 1638 1348 1675 alios
1372 1641 1475 1675 etiam
1493 1640 1560 1677 boc
1583 1642 1704 1677 vidisse

181 1706 254 1729 non
278 1694 553 1736 dubito‚'tamen
577 1692 704 1729 edictas
729 1706 854 1741 easque
878 1692 1055 1728 distinctas
1075 1692 1223 1739 regulas,
1264 1694 1394 1742 quibus
1426 1697 1563 1738 juvenes
1591 1698 1703 1730 nom-i

181 1749 220 1782 in
252 1757 345 1784 tanta
382 1748 606 1796 ambiguitate
637 1748 766 1789 auimi3
800 1760 869 1795 qua
899 1760 998 1782 mens
1029 1747 1489 1794 interpretantiswersazur,
1526 1747 1570 1782 ab
1605 1749 1705 1787 omui

180 1804 322 1837 nativae
347 1801 504 1837 culturae
535 1801 745 1836 detrimento
776 1800 950 1842 custoditi,
977 1800 1074 1835 illud
1104 1801 1291 1836 consilium
1320 1810 1582 1848 exsequantur,
1595 1797 1701 1847 Plane

181 1855 352 1892 desidero.
397 1856 551 1891 Primam
575 1855 733 1903 regulam
757 1854 846 1889 hauc
871 1866 1005 1897 censeo,
1042 1867 1263 1890 communem
1296 1862 1329 1886 et
1357 1854 1512 1904 pau-¹4-
1515 1851 1698 1888 cultu-m

181 1911 337 1957 quamvis
362 1920 514 1945 tenuem
532 1922 596 1958 per
627 1922 746 1944 omnes
776 1910 943 1944 continuo
975 1918 1091 1957 partes
1124 1907 1286 1943 tuendam
1317 1918 1336 1941 e
1415 1905 1555 1955 'neque
1585 1904 1698 1942 ulla-

179 1965 388 2010 particulam
404 1965 489 1998 sine.
484 1964 702 2012 -gxavissimis
711 1963 811 1998 malis
827 1976 906 1998 cum
920 1963 1112 2010 alienigena
1123 1972 1260 2009 quamv·

180 2020 316 2052 mutari.
348 2018 653 2066 Simplicissimum
672 2016 763 2052 illud
782 2018 983 2053 Ciceronis:
1004 2026 1135 2064 tantum
1274 2017 1276 2020 ’

178 2080 241 2114 est,
264 2081 302 2107 ut
327 2072 530 2107 reficiantur
550 2073 652 2115 vires,
676 2084 747 2107 uon
775 2074 1028 2120 opprimantur,
1158 2086 1161 2088 >
1258 2065 1268 2073 ”
