1931 2329
126 736 365 783 Homeri
391 740 452 782 et
465 737 664 810 Attica
679 738 926 801 vicissim
948 741 1285 791 comparata
1296 738 1486 786 dictio.
1513 746 1651 784 cum

314 812 621 862 utriusque·
647 812 845 863 aliqua
871 812 1080 855 aetatis
1108 811 1453 856 recensione.

125 973 269 1015 lantino
293 989 452 1012 sermone
475 979 647 1024 explicare
670 991 761 1021 rem,
788 981 877 1028 qua‘e
901 981 1033 1015 Latinis
1057 981 1182 1028 opibus
1203 988 1283 1014 nata
1306 992 1379 1015 non
1402 980 1456 1022 sit,
1480 979 1653 1016 difficilius

126 1045 197 1067 esse
222 1044 296 1066 non
319 1032 461 1079 ignoro,
491 1040 607 1065 tamen
632 1043 710 1065 cum
735 1033 823 1066 mihi
847 1046 1047 1079 persuasum
1072 1043 1123 1066 est
1146 1035 1238 1075 inter
1261 1043 1403 1067 cunctas
1428 1034 1573 1068 humani
1595 1048 1655 1082 ge-

125 1087 219 1121 neris
241 1086 377 1133 linguas
402 1085 607 1119 continuum
624 1083 801 1133 quoddam
826 1085 1043 1120 intercedere
1055 1087 1317 1128 commercium,
1342 1086 1493 1129 confido,
1518 1088 1653 1124 Latinis

127 1154 269 1189 quoque
293 1140 405 1174 verbis
430 1138 538 1180 illud,
575 1139 671 1186 quod
692 1140 905 1186 graecorum‘
921 1150 986 1182 est,
1011 1140 1132 1188 aliquo
1158 1139 1262 1176 modo
1285 1154 1386 1188 posse
1410 1138 1653 1179 demonstrari.

128 1195 253 1229 Omnis
277 1193 573 1240 haec'disputatio
596 1194 644 1227 ita
670 1202 721 1227 est
747 1194 917 1235 instituta,
942 1202 982 1227 ut
1003 1195 1155 1239 primum
1174 1203 1340 1241 appareat
1362 1194 1489 1241 gradus
1511 1196 1654 1232 modu‘s..

127 1262 196 1297 que
219 1249 313 1290 artis,
338 1247 381 1282 ad
406 1259 511 1295 quem
536 1248 733 1295 pervenerit
757 1248 936 1294 ingenium
962 1249 1033 1290 ejus
1058 1249 1189 1288 aetatis,
1213 1249 1270 1281 cui
1294 1247 1358 1281 iud
1375 1249 1537 1293 carmina,
1562 1264 1652 1300 quae

126 1304 273 1338 Homeri
297 1303 464 1350 inscripta
487 1311 585 1344 sunt,
617 1302 810 1344 debentur3
840 1300 969 1334 deinde
994 1310 1163 1347 quantum
1195 1303 1332 1336 Atticae
1355 1304 1521 1337 orationis
1546 1303 1651 1340 dictio

128 1356 299 1398 declinet,
324 1365 358 1390 et
381 1366 451 1404 quo
476 1358 549 1399 jure
572 1355 639 1390 hoc
661 1355 790 1390 factum
813 1355 867 1388 sit.
902 1354 1036 1402 'Itaque
1059 1368 1079 1388 a
1102 1364 1219 1389 nostro
1245 1354 1389 1391 consilio
1413 1356 1567 1392 alienum
1591 1369 1652 1402 est,

128 1411 325 1460 inquirere,
361 1419 480 1445 utrum
511 1409 581 1444 uno
613 1417 754 1444 auctore
788 1421 828 1444 ea
865 1411 1019 1443 carmina
1053 1407 1192 1457 prodita
1222 1410 1309 1452 sint,
1340 1423 1381 1444 an
1416 1411 1652 1461 complurium

127 1466 247 1501 studiis
272 1476 345 1500 orta
369 1475 475 1513 atque
499 1478 518 1498 a
541 1466 688 1513 posteris
712 1473 882 1511 congesta.
919 1463 1010 1498 Satis
1034 1474 1095 1506 est,
1113 1464 1249 1511 quod
1240 1466 1280 1498 1is
1305 1464 1404 1500 libris
1431 1476 1523 1501 tauta
1533 1481 1652 1504 rerum

129 1521 227 1567 copia
260 1521 477 1564 continetur,
511 1527 550 1552 ut
580 1518 664 1551 inde
693 1519 826 1564 species
856 1518 960 1551 totius
992 1519 1127 1558 aetatis,
1165 1531 1230 1565 qua
1263 1520 1451 1564 composita
1481 1530 1579 1562 sunt,
1613 1523 1652 1556 in

129 1575 285 1608 animum
317 1582 474 1607 nostrum
509 1571 715 1612 reflectatur.
762 1571 860 1619 Ergo
884 1569 1070 1606 dialectum
1103 1573 1237 1620 epicam
1271 1584 1341 1607 non
1374 1571 1463 1616 dixi,
1497 1575 1653 1621 primum

129 1627 223 1675 quod
247 1641 284 1662 ex
313 1627 496 1662 artificiosa
529 1626 687 1661 doctrina
716 1635 896 1673 sumptum
919 1635 985 1667 est,
1016 1639 1119 1673 quam
1153 1627 1298 1660 maxime
1329 1628 1439 1660 vitare
1467 1628 1587 1663 studeo
1612 1632 1652 1664 in

128 1681 332 1716 definiendo
357 1693 397 1716 eo
423 1692 549 1727 genere
571 1679 766 1721 hominum,
790 1678 888 1728 quod
911 1678 1089 1728 distin-ctas
1114 1680 1288 1714 doctrinas
1312 1681 1508 1727 ignorabat,
1533 1683 1591 1716 cui
1618 1694 1652 1718 et

128 1746 244 1771 mente
277 1745 311 1771 et
338 1748 442 1770 sensu
466 1735 611 1783 propius
642 1734 807 1770 accedere
839 1732 988 1774 videtur,
1021 1735 1082 1781 qui
1108 1733 1295 1769 artificiosa
1324 1745 1463 1775 cuncta,
1496 1744 1653 1785 tempore

128 1791 308 1833 inteijecto
339 1791 491 1830 inventa,
522 1801 661 1837 prorsus
693 1789 843 1831 exnerit3
891 1797 968 1822 tum
998 1785 1095 1835 quod
1124 1788 1331 1822 vocabulum
1363 1789 1482 1835 epicae
1515 1789 1653 1827 dialecti

127 1844 247 1880 salsam
272 1846 478 1892 opinionem
502 1844 640 1885 excitet,
667 1843 766 1892 quasi
788 1841 931 1891 siugulis
954 1843 1157 1877 hominibus
1182 1843 1279 1889 copia
1301 1841 1390 1876 sacta
1413 1844 1460 1878 sit
1483 1854 1551 1880 tam
1574 1859 1651 1894 gn-

128 1911 184 1932 ves
206 1900 466 1934 immutationes
489 1898 679 1939 inserendi,
714 1907 882 1945 quantum
906 1907 958 1932 est
988 1896 1175 1936 discrimen
1206 1898 1298 1930 inter
1328 1897 1482 1943 priorem
1507 1899 1653 1935 Homeri

129 1960 290 1994 aetatem,
315 1961 349 1987 et
372 1963 466 1995 eam,
498 1965 587 2000 quae
612 1951 718 1999 magis
742 1951 880 1999 cognita
904 1960 971 1992 est,
1004 1950 1283 1985 Atheniensium.
1334 1950 1537 1985 Graviores
1548 1951 1649 1987 diffe-

129 2005 256 2040 rentias
280 2010 316 2040 in
342 2005 425 2041 solis
447 2008 560 2053 poetis
583 2006 688 2040 fuisse
712 2018 783 2040 non
807 2015 910 2053 puto,
940 2004 1002 2039 sed
1034 2016 1096 2051 per
1128 2016 1189 2038 ora
1219 2005 1373 2051 omnium
1404 2004 1500 2038 illius
1531 2009 1651 2041 aetatis

130 2053 342 2095 Graecorum
369 2059 553 2107 divulgata.
591 2059 753 2107 Namque
776 2060 825 2094 uti
850 2059 887 2093 in
911 2058 1110 2105 plantarum
1126 2068 1248 2092 natm-a
1264 2055 1423 2093 radicum
1437 2059 1650 2094 incrementa

1251 2117 1265 2147 1
