1931 2329
920 170 986 201 14*

166 289 253 325 quae
285 285 407 311 contra
438 276 611 310 elementa
640 283 781 321 peccata
812 282 911 308 erant
942 286 983 307 ex
1014 272 1141 308 iisdem
1172 275 1321 309 correxit
1351 277 1395 310 ad
1424 260 1532 312 unuin
1569 281 1695 323 omnia,

162 344 253 380 quae
277 340 348 366 tota
371 321 589 364 ¹videbantur·
604 327 702 369 falsa,
723 328 826 372 ejecit
852 336 886 362 et
910 339 952 362 ex
985 326 1158 375 ampliore
1180 328 1300 371 sonte,
1312 340 1418 377 quem
1449 332 1487 365 in
1516 330 1697 380 speciebus

162 385 351 420 modorum
375 384 533 425 hahebat,
565 382 710 428 integris
746 383 909 417 restituit.
969 383 1047 426 Quo
1076 381 1166 418 facto
1197 394 1270 418 non
1299 385 1452 425 cessavit,
1481 386 1542 420 sed
1574 388 1697 423 eodem

163 438 479 485 ducenteringenia
502 436 795 484 subsequentium
817 436 1000 471 hominum
1028 437 1146 483 pecies
1170 436 1367 478 modorum,
1391 438 1520 485 quibus
1554 442 1697 489 antiqua

162 502 253 528 aetas
278 506 339 527 usa
361 500 444 532 erat,
468 489 717 532 lustraverunt,
741 492 782 525 ut
803 490 973 533 viderent,
997 504 1084 525 num
1108 490 1176 525 alia
1195 492 1292 526 modi
1308 493 1423 539 specie
1435 505 1490 526 res
1503 496 1616 541 aptius
1641 508 1696 530 ca-

160 556 322 593 peretur3
354 547 393 579 in
414 544 485 579 hac
508 545 626 598 ampla
648 544 804 585 licentia,
828 546 865 577 in
890 558 958 590 qua
981 545 1074 578 haud
1095 546 1213 579 minor
1235 558 1341 592 opera
1366 556 1448 587 erat,
1465 547 1573 581 Attici
1586 549 1697 584 multa

158 600 307 636 feliciter
329 607 571 640 mutaverunt,
596 610 626 634 e.
651 611 678 632 c.
704 597 855 641 ὀπυιέμεν
878 597 977 645 quod
1000 597 1147 661 primae,
1163 600 1228 647 p'er
1240 605 1355 643 γαμεῖν
1377 599 1473 649 quod
1489 600 1609 635 tertiae
1627 612 1695 647 est3

160 658 239 690 τίειν
261 668 327 702 per
349 658 458 698 πμᾶν
505 654 599 688 Τιιιιι
624 653 662 686 in
686 651 833 699 singulis
858 653 1036 698 quaternis
1060 654 1243 699 speciebus
1260 666 1317 688 eos
1335 668 1406 690 non
1431 655 1596 702 fugerunt
1619 670 1697 702 gra-

159 710 271 743 viores
295 707 515 747 offensiones,
540 718 586 739 ne
608 704 699 738 leves
736 705 880 752 quidem
913 706 1088 746 desectus,
1119 706 1157 738 in
1186 707 1374 753 primitivis
1406 709 1606 744 inconstans
1637 709 1697 743 ha-

157 764 249 797 bitus
272 758 383 803 modi,
407 769 482 795 tum
504 768 654 809 propter.
671 767 912 801 consonantes,
938 768 1013 794 tum
1027 767 1175 807 propter
1198 759 1355 806 vocales3
1379 762 1693 806 κεκάδοντο-ῗωλον,

156 818 305 860 ἔβαλλον,
330 814 621 858 κεάζειν-σχίζειν,·
645 813 884 857 ἔνωμα-ἔνεμε,
908 815 948 848 in
971 813 1144 848 secunda:
1169 815 1548 855 ἐπίπλως-ἔπεπλεῦσας.
1602 817 1695 851 Haec

157 868 401 910 inconstantia,
428 880 541 915 quum
564 868 604 901 in
627 866 749 901 habitu
773 866 869 902 modi
893 868 958 903 sita
982 876 1043 910 est,
1058 879 1125 915 per
1148 866 1275 914 gradus
1297 867 1484 902 modorum
1509 870 1695 917 (tempora)

154 924 276 970 serpit,
301 932 337 958 ct
360 934 430 965 eos,
448 934 616 969 *quorum
648 922 841 956 constantia
874 922 1017 957 maximi
1050 923 1219 956 momenti
1243 930 1304 962 est,
1341 922 1380 955 in
1412 922 1537 969 quihus
1561 936 1695 959 summa

157 978 265 1011 animi
289 975 430 1010 colendi
452 976 613 1023 potentia
634 977 788 1021 reposita
814 984 874 1016 est,
900 976 1051 1008 incertos
1074 973 1203 1008 reddit.
1249 974 1291 1006 In
1323 973 1696 1023 deducto-compositis

155 1031 299 1079 (quibus
322 1029 536 1078 praepositio
561 1025 752 1074 composita
776 1028 837 1070 est)
860 1027 1014 1062 multum
1037 1035 1197 1074 posterae
1230 1027 1332 1060 aetati
1362 1028 1610 1075 corrigendum
1641 1043 1695 1079 re—

155 1087 282 1120 lictum
315 1092 399 1118 erat.
459 1083 598 1125 Quanto
631 1082 760 1114 mentis
794 1081 955 1114 acumine
995 1080 1175 1125 animique
1214 1080 1394 1115 teneritate
1424 1081 1527 1124 hujus
1559 1086 1695 1128 generis

151 1137 252 1173 modi
276 1138 350 1171 nati
374 1137 454 1177 sint,
481 1147 555 1170 non
578 1143 716 1182 oportet
728 1142 876 1168 attentos
891 1133 1028 1175 docere,
1053 1142 1224 1180 quantum
1242 1134 1431 1167 memoriae
1446 1136 1693 1183 compendium

151 1195 190 1227 iu
223 1193 266 1226 iis
297 1192 344 1225 sit
375 1189 556 1224 indicatur
588 1187 642 1222 vel
671 1187 845 1222 levissima
877 1187 1137 1235 comparatione
1166 1186 1378 1237 linguarum,
1410 1187 1447 1222 in
1480 1189 1605 1237 quibus
1636 1201 1695 1226 aut

154 1258 296 1295 prorsus
321 1244 449 1279 desunt
472 1252 530 1277 aut
549 1254 662 1289 pauca
684 1242 785 1276 initia
809 1250 991 1288 apparent,
1015 1241 1078 1275 ubi
1115 1252 1186 1277 tam
1208 1240 1337 1275 multae
1361 1253 1416 1275 res
1435 1243 1629 1287 interimes,
1654 1246 1693 1279 in

154 1300 311 1348 partibus
334 1297 465 1345 prioris
490 1294 648 1329 culturae
673 1303 856 1328 contentae
888 1295 969 1329 totis
1001 1294 1177 1329 vocabulis
1210 1294 1416 1329 exhibentur
1448 1295 1637 1332 difficulter
1660 1309 1694 1333 et

154 1365 282 1401 magno
306 1350 497 1386 memoriae
521 1349 633 1384 oneri.
1690 1382 1693 1386 ⁸

242 1405 375 1446 Modis,
400 1405 463 1451 qui
486 1402 673 1437 subtilibus
699 1403 753 1436 his
778 1417 821 1444 εκ,
848 1417 881 1437 εν
905 1412 966 1437 etc.
983 1403 1124 1438 deducti
1140 1405 1221 1445 sint,
1246 1406 1359 1452 aptius
1384 1407 1524 1453 concipi
1547 1408 1693 1442 interio-

151 1475 206 1496 res
232 1470 266 1494 et
288 1456 516 1493 intermedias
547 1456 732 1498 motiones,
765 1469 872 1502 quam
904 1457 983 1491 totis
1008 1456 1185 1491 vocabulis
1215 1469 1319 1492 nemo
1343 1471 1417 1493 non
1448 1458 1563 1503 videv,
1595 1469 1630 1494 at
1653 1462 1692 1494 in

150 1515 306 1565 perfecta
330 1521 402 1546 erte
425 1510 598 1558 loquendi
623 1522 695 1544 non
721 1511 802 1543 satis
832 1520 892 1551 est,
929 1509 1035 1544 modo
1068 1510 1205 1555 (verbo)
1230 1512 1268 1544 in
1293 1512 1446 1560 quodam
1476 1512 1586 1559 giadu
1622 1513 1692 1548 for.

152 1577 246 1602 mato
279 1575 312 1599 et
343 1565 552 1599 sententiam
585 1563 758 1611 aperienti
787 1563 938 1607 adjicere
972 1571 1111 1610 partem
1157 1562 1392 1599 distinctivam
1416 1580 1461 1607 εκ,
1486 1580 1528 1609 εν,
1563 1580 1603 1608 ες,
1631 1567 1693 1600 sed

153 1620 346 1668 composita
371 1619 415 1652 sit
435 1617 553 1660 modo,
587 1626 622 1651 et
651 1628 717 1664 per
755 1616 883 1664 gradus
921 1628 1002 1652 eum
1035 1616 1237 1661 comitetur-3
1267 1618 1304 1651 in
1341 1620 1521 1654 sententiis
1547 1620 1690 1653 Homeii

150 1676 353 1722 saepissime
378 1671 493 1706 avulsa
516 1685 535 1705 a
556 1670 664 1706 modo
690 1680 725 1705 et
742 1671 818 1706 ‘huc
842 1669 930 1705 illuc
953 1670 1116 1717 dissipata
1141 1681 1285 1717 apparet
1308 1674 1542 1720 praepositi03
1578 1675 1690 1707 ambi-

151 1740 259 1776 guum
284 1735 335 1760 est
359 1724 549 1772 explicare,
566 1737 654 1769 ‘nam
678 1722 794 1758 avulsa
818 1723 934 1770 putari
958 1725 1074 1770 'potest
1089 1722 1145 1757 vel
1160 1724 1320 1758 nondum
1336 1726 1548 1772 composita;
1574 1735 1690 1761 tamen

149 1784 217 1817 hoc
239 1779 391 1841 perinde
417 1788 478 1820 est,
505 1776 680 1826 quomodo
712 1777 916 1826 explicetur,
949 1776 1173 1824 imperfectae
1206 1779 1287 1817 artis
1321 1787 1402 1822 est3x
1420 1791 1490 1827 quo
1521 1782 1689 1828 pauciora

149 1834 350 1869 adverbia
341 1846 377 1866 ιιι
402 1833 578 1866 sententia
592 1836 688 1871 sunt,
713 1843 752 1865 eo
769 1830 907 1865 facilius
923 1830 1142 1876 intelligitur,
1166 1833 1324 1878 primum
1347 1833 1444 1867 verbi
1467 1846 1535 1874 res,
1560 1834 1688 1867 deinde

150 1888 288 1938 gradus,
312 1886 468 1934 :eliquae
492 1883 671 1937 deinceps
694 1892 828 1932 partes,
862 1882 922 1918 illa
958 1883 1134 1927 adverbia,
1165 1898 1254 1934 quae
1282 1886 1478 1935 particulae
1508 1888 1686 1930 vocantur,

150 1952 352 1991 aggregatae
378 1942 535 1988 quamvis
549 1949 644 1974 recte
658 1948 694 1973 et
709 1937 824 1973 dictae
848 1949 881 1973 et
894 1939 1031 1974 auditae
1038 1940 1124 1982 sint,
1140 1952 1229 1975 raro
1232 1950 1492 1989 cognoscuntur
1505 1940 1684 1977 distincte·
1676 1969 1685 1985 ‚

149 2008 233 2043 ergo
257 1995 373 2029 avulsa
399 1994 609 2041 praepositio
635 2001 739 2039 auget
763 1992 1016 2037 impedimenta
1047 1993 1209 2039 capiendi
1237 1995 1455 2036 sententiam,
1495 1997 1686 2042 composita

149 2054 242 2099 juvat
265 2062 340 2084 rem
362 2046 462 2084 modi
493 2044 591 2081 illico
623 2046 741 2081 videre
777 2055 811 2080 et
844 2044 991 2092 gradum
1020 2046 1115 2081 modi
1154 2056 1188 2082 et
1217 2056 1329 2081 cetera
1357 2045 1535 2097 deinceps
1584 2049 1685 2084 Illam

95 2099 113 2105 ⁴*
149 2106 342 2151 graviorem
367 2103 448 2138 artis
473 2102 704 2137 offensionem
729 2114 799 2147 qua
821 2100 935 2135 avulsa
962 2110 1010 2135 est
1032 2113 1154 2148 praep
1179 2113 1251 2137 non
1276 2101 1443 2138 liberiore
1467 2116 1530 2138 usu
1565 2107 1684 2149 poe'ta-
