1931 2329
981 176 1020 207 11

232 284 300 319 hoc
323 294 443 317 ausum
467 294 554 323 esse,
578 281 608 316 si
632 279 791 329 aequales
816 282 887 324 ejus
912 281 1084 317 continuo.
1103 281 1338 331 diphthongos
1370 283 1518 332 integras
1542 285 1764 332 pronuntias-

233 345 321 379 sent,
345 349 418 372 non
438 337 576 382 opinor.

325 404 490 440 Carmina
526 404 625 451 epica
655 413 922 443 accesseramus,
963 412 1001 436 ut
1028 404 1065 437 in
1101 395 1221 450 lingua
1251 403 1345 438 unde
1369 403 1462 440 edita
1494 414 1590 448 sunt,
1626 406 1760 442 radices

233 458 483 507 vocabulorum
507 471 525 491 e
550 469 678 505 genere
702 456 862 496 traditas,
889 468 1127 501 nosceremus,
1166 459 1222 492 cui
1242 458 1393 494 ,additus
1426 469 1477 494 est
1507 459 1650 503 modus,
1688 475 1758 510 quo

230 521 368 560 postera
394 519 483 545 aetas
505 511 668 551 correxit,
693 519 727 544 et
741 511 842 565 ratio,
866 522 934 556 qua
948 509 1085 552 secerit3
1109 512 1267 544 venimus
1285 512 1367 545 inde
1392 513 1434 546 ad
1448 515 1614 548 intimum
1630 515 1758 549 Graec-

230 565 308 604 tatis
322 576 494 600 recessum
511 576 600 612 quae
617 572 668 598 est
680 562 863 610 dispositio
878 563 971 597 vocis
990 563 1159 598 humanae
1183 565 1220 598 in
1238 576 1299 599 ore
1318 564 1452 601 Graeco
1476 566 1583 611 facta3
1607 580 1661 602 res
1677 580 1759 602 sanc

172 648 175 652 ,
230 620 360 665 gravis,
385 627 419 652 at.
441 618 585 665 plenior
608 630 713 664 quem
739 628 827 663 quae
851 615 908 650 hic
932 618 1041 662 possit
1070 617 1320 661 demonstrari,
1354 632 1434 667 ergo
1460 621 1503 654 ad
1527 621 1756 657 differentiam

229 673 319 707 inter
342 681 527 720 utramque
550 670 739 705 dialectum
763 669 1022 715 restringamus.

319 735 449 777 Partes,
475 747 565 782 quae
589 735 695 780 signis
720 748 739 768 v
764 742 797 767 et
820 734 829 777 j
855 733 942 767 visui
975 735 1127 777 objectae
1149 744 1229 769 sunt
1254 736 1289 769 in
1316 735 1471 770 oratione
1494 737 1636 780 Latina,
1662 747 1696 772 et
1718 739 1756 773 in

229 789 511 836 ceteris-quibus
541 788 799 822 ad·inseriores
832 798 991 834 quosque
1022 787 1161 822 ordines
1201 788 1341 835 delapsa
1372 799 1423 823 est
1451 790 1601 824 hominis
1634 793 1755 833 oratio,

227 844 458 877 creberrimae
482 851 577 882 sunt,
602 843 640 875 in
665 841 740 876 aliis
764 841 833 875 alio
858 842 957 886 signo
983 839 1173 883 exhibitae,
1199 842 1265 883 jam
1291 850 1397 875 aetate
1430 841 1576 875 Homeri
1599 845 1756 886 abjectas,

226 895 280 929 vel
302 897 340 929 in
371 900 482 942 aequa
506 903 541 928 et
564 896 651 938 justa
681 894 852 928 elementa
885 895 1035 940 reposita
1065 894 1239 928 videmus:
1265 909 1284 939 Y
1308 896 1346 929 in
1370 911 1399 938 v,
1426 908 1485 929 vos
1497 895 1639 939 -τί-μεις,
1654 898 1703 931 vis
1723 913 1757 926 =

226 954 294 992 βια.
342 948 545 983 Verisimile
570 960 641 983 non
673 957 739 989 est,
772 948 863 982 hanc
897 948 1027 982 tribum
1050 949 1187 995 generis
1213 949 1373 991 humani,
1400 950 1568 991 Graecos,
1607 950 1690 985 inde
1714 955 1755 986 ab

226 1004 330 1038 initio
356 1003 409 1037 his
433 1003 564 1049 iniquis
588 1003 745 1048 partibus
769 1015 790 1034 v
814 1010 848 1035 et
870 1004 880 1044 j
907 1004 1072 1043 caruisse,
1099 1012 1132 1037 et
1164 1003 1336 1036 humanae
1368 1004 1459 1036 vocis
1491 1003 1754 1051 dispositionem

225 1058 398 1102 integram
420 1054 602 1100 habuisse,
627 1066 716 1099 quae
740 1066 850 1100 quum
874 1054 990 1089 multis
1014 1057 1137 1089 ceteris
1161 1065 1234 1089 tum
1257 1057 1446 1102 praecipue
1469 1057 1636 1092 abusione
1653 1070 1754 1093 voca-

225 1109 314 1144 lium
335 1122 361 1142 u
383 1117 416 1142 et
440 1109 452 1142 i
477 1118 547 1142 tam
569 1106 670 1142 facile
693 1106 786 1141 laedi
810 1116 944 1154 posset;
981 1117 1110 1142 restant
1132 1108 1235 1141 etiam
1259 1107 1400 1155 vestigia
1424 1108 1563 1143 illarum
1587 1112 1756 1158 iniquita—

226 1173 302 1197 tum
324 1164 362 1196 in
386 1162 601 1196 carminibus
625 1161 785 1205 Homeri,
818 1162 887 1196 Od.
914 1160 955 1195 V.
982 1165 1046 1197 215
1070 1161 1187 1196 πότνια
1217 1162 1305 1205 θὲάς
1330 1164 1593 1208 pronuntiatum
1617 1166 1755 1202 videtur

225 1217 368 1263 potnja3
404 1214 444 1249 ss.
478 1214 539 1250 tv,
576 1218 638 1250 135
671 1214 725 1251 διὰ
754 1216 814 1257 μέν
843 1216 895 1259 ἄρ,
936 1214 1032 1261 quod
1064 1214 1299 1257 dja-m-'men
1327 1217 1679 1262 extorserit'cantor3
1715 1222 1753 1254 in

225 1270 402 1306 Sanscrita
425 1281 490 1317 per
514 1268 548 1312 dj
573 1266 721 1315 p'lurima
745 1268 908 1303 vocabula
931 1270 1117 1317 incipiunt.
1162 1267 1207 1301 Jn
1231 1279 1288 1307 eo,
1321 1268 1417 1315 quod
1441 1267 1614 1314 digamma
1635 1272 1755 1308 Aeoli-

226 1336 308 1358 cum
332 1324 474 1364 dicunt,
498 1323 682 1370 vestigium
705 1324 813 1370 partis
837 1324 979 1371 iniquae
1011 1337 1032 1357 v
1053 1323 1200 1356 haerere
1223 1320 1371 1357 videtur.
1418 1322 1614 1372 Utrumque
1636 1339 1657 1360 v
1681 1337 1716 1363 et
1740 1331 1749 1372 j

226 1389 366 1424 prorsus
390 1376 517 1418 desunt
539 1377 578 1410 in
601 1388 660 1410 ore
684 1376 965 1418 Atheniensium,
990 1386 1101 1410 cetera
1126 1374 1296 1409 elementa
1321 1378 1547 1410 consonantia
1568 1380 1636 1421 jam
1658 1381 1754 1428 apud

226 1432 329 1467 Hom.
354 1432 441 1474 justa
465 1440 565 1470 sunt,
598 1429 693 1477 quod
717 1429 875 1468 insnulla
905 1440 1097 1465 ceterarum
1123 1428 1322 1476 linguarum
1345 1429 1571 1476 loquentibus
1595 1435 1751 1482 contigit.

317 1493 455 1529 vocalis
478 1506 559 1541 pars
582 1507 602 1526 v
625 1492 664 1526 in
689 1505 760 1527 uno
784 1492 953 1527 vocabulo
976 1506 1079 1536 υμμες
1102 1490 1289 1527 offenditur
1313 1490 1418 1534 nuda,
1442 1493 1478 1527 in
1498 1495 1619 1529 ceteris
1638 1500 1751 1531 omni-

226 1549 287 1580 bus
310 1547 412 1581 ctiam
437 1547 581 1581 Homeri
602 1545 722 1591 lingua
746 1547 913 1580 continuo
937 1547 1130 1593 praemittit
1153 1554 1421 1585 consonantem,
1449 1560 1594 1593 quarum
1620 1553 1751 1584 tenuis-

226 1602 309 1636 sima
334 1608 386 1635 est
415 1599 491 1645 (‘),
529 1610 618 1647 quae
648 1599 686 1632 in
721 1613 822 1642 υμμες
852 1608 1072 1647 compensata
1097 1606 1147 1632 est
1170 1597 1288 1632 addita
1309 1612 1358 1641 μ,-
1389 1599 1425 1631 in
1449 1598 1596 1647 reliquis
1622 1600 1751 1649 linguis

225 1667 327 1702 saepe
351 1653 517 1689 vocabula
531 1666 597 1700 per
610 1652 742 1687 nudam
765 1668 785 1687 υ
809 1653 1004 1701 incipiunt3
1028 1653 1113 1687 hinc
1132 1664 1215 1700 ergo
1239 1662 1278 1686 ut
1295 1653 1332 1685 in
1347 1653 1474 1686 iteratis
1489 1652 1675 1696 vocalibus,
1691 1657 1748 1690 hic

226 1720 369 1756 quoque
392 1717 431 1742 ut
453 1708 568 1741 minus
592 1707 705 1741 cultae
723 1707 889 1754 reliquae,
915 1708 1056 1741 Homeri
1072 1706 1192 1753 lingua
1213 1707 1344 1740 laborat
1359 1707 1473 1752 parvis
1492 1708 1645 1748 maculis,
1660 1721 1746 1756 quas

225 1774 302 1796 mox
332 1761 470 1797 tolleret
499 1761 652 1796 Graecae
685 1762 767 1795 artis
796 1762 935 1807 genius,
980 1770 1018 1794 ut
1061 1759 1241 1795 distinctus
1272 1772 1292 1793 a
1329 1760 1455 1794 ceteris
1485 1769 1676 1795 versaretur
1707 1764 1747 1798 iu

225 1817 360 1849 munito
376 1824 410 1849 et
426 1826 516 1862 puro
531 1814 627 1848 fonte
642 1814 821 1855 vocalium,
848 1827 937 1860 quae
960 1826 1132 1860 nusquam
1155 1822 1309 1847 ceterum
1334 1823 1424 1848 tanta
1448 1814 1547 1858 copia
1569 1815 1748 1864 simulque

225 1870 335 1917 gratia
364 1881 404 1903 ex
434 1880 492 1903 ore
522 1868 672 1902 humano
704 1867 865 1901 excitatae
899 1876 932 1901 et
970 1866 1083 1901 editae
1113 1876 1210 1910 sunt3
1243 1867 1281 1900 in
1312 1867 1436 1913 quibus
1471 1867 1617 1915 antiqua
1648 1880 1746 1914 aetas,

226 1935 435 1972 quamquam
471 1920 620 1956 multum
655 1916 867 1969 profecerat,
913 1920 994 1968 plus
1031 1921 1279 1969 corrigendum
1323 1920 1464 1966 ingenio
1502 1921 1746 1971 subsequentis

226 1977 344 2010 aetatis
367 1975 529 2022 reliquit,
562 1988 666 2023 quam
696 1976 733 2008 in
767 1974 1049 2010 consonantibus.
1118 1976 1302 2019 Postquam
1333 1972 1467 2007 radices
1504 1976 1575 2008 sive
1596 1978 1748 2022 origines

226 2028 409 2063 verborum
433 2030 471 2062 in
495 2039 641 2076 utraque
665 2037 788 2069 aetate,
810 2032 915 2077 atque
938 2027 1188 2062 elementorum
1210 2024 1395 2073 dispositio
1413 2028 1534 2074 paucis
1548 2027 1749 2065 collustrata

226 2091 324 2125 sunt,
355 2095 538 2131 pergemus
574 2082 619 2117 ad
650 2083 863 2132 jugationem
896 2084 988 2118 inter
1011 2082 1129 2117 modos
1160 2089 1195 2115 et
1216 2091 1400 2123 numeros,
1436 2081 1498 2126 qui
1520 2083 1659 2118 numeri
1683 2097 1745 2129 per

1310 2137 1360 2168 2*
