1931 2329
947 136 988 170 10

206 244 411 279 Graecitatis
427 242 540 276 forma
557 241 758 283 audiuntur,
783 248 900 274 tamen
924 252 1066 275 coaevos
1082 240 1228 276 Homeri
1244 239 1363 288 lingua
1386 242 1538 277 barbaris
1563 252 1735 279 consortes

205 298 310 332 fuisse
334 307 496 344 arguunt.
543 295 634 331 Sane
659 294 804 330 difficile
829 305 880 331 est
903 294 1110 340 dijudicam,
1140 296 1277 331 iteratio
1303 296 1363 330 ubi
1389 299 1492 340 justa,
1527 297 1588 331 ubi
1612 311 1738 346 perpe-

206 365 282 386 ram
306 352 385 393 fiat3
417 360 548 398 quanto
573 352 612 390 in
635 362 754 394 rerum
785 359 911 384 natura
935 350 1081 384 inferius
1106 350 1196 398 quid
1227 350 1381 397 positum
1406 360 1474 391 est,
1511 359 1605 385 tanto
1630 351 1739 399 magis

207 405 252 442 ad
275 406 496 444 iterationem
520 416 675 447 versum5
709 412 840 451 quanto
875 403 1058 440 sublimius
1082 413 1177 439 tanto
1203 404 1352 439 abstinet
1376 417 1395 437 a
1419 403 1615 452 relegendis
1638 407 1740 441 vesti-

208 461 285 509 giis.
334 459 472 495 Solonis
512 459 624 501 cives,
661 471 773 508 quum
806 459 945 492 numeri
979 459 1104 506 primis
1129 460 1248 494 vverbis
1282 458 1451 506 jungendi
1483 459 1742 507 simplicitatem

207 513 362 561 perfecte
384 512 650 552 intellexissent,
675 512 828 559 simplici
853 522 887 547 et
909 514 1046 559 integro
1065 513 1255 549 noluerunt
1278 513 1438 546 iteratum
1463 512 1534 545 sive
1553 514 1743 548 infractum

208 565 355 602 modum
378 565 590 607 substruere,
614 567 732 613 itaque
755 567 792 599 in
817 566 1003 612 primitivis
1027 565 1132 612 plane
1147 565 1371 607 sustulerunt,
1395 566 1486 614 passi
1500 575 1580 600 sunt
1591 567 1743 603 iteratio-

209 633 293 655 nem
316 621 356 654 in
378 620 563 663 derivatis3
581 623 699 660 λαλεῖν,
730 623 865 661 κακοῦν,
893 629 967 653 tum
991 621 1031 653 in
1061 621 1167 654 rebus
1200 621 1369 655 concretis
1392 621 1497 659 τέττιξ
1527 620 1673 664 πάππος
1706 623 1743 655 in

212 674 414 709 nominibus
451 674 626 720 gentium3
658 673 896 718 Παφλαγόνες,
936 674 973 707 in
1004 674 1160 721 propriis
1192 673 1331 719 Σαπφιί.
1380 673 1499 707 Altera
1528 674 1664 709 iteratio
1695 685 1745 709 est

211 727 408 763 vocalium:
440 727 582 771 κρήηνον
613 725 845 769 λοεσσάμενος,
882 727 942 760 ubi
959 728 1011 760 -in
1035 725 1152 761 radice
1178 737 1247 769 est,
1280 727 1318 760 in
1351 726 1531 770 derivatisx
1547 729 1745 775 saepissime

211 780 311 816 o'bvia
332 782 426 814 inter
450 779 605 813 radicem
631 788 665 813 et
688 781 879 813 terminum
903 780 1081 821 αἰτιάαται,
1107 780 1277 814 αἰτιόωντο
1297 781 1451 824 φιλέεσκε,
1478 779 1540 813 ubi
1555 790 1745 829 utrumque

213 843 248 869 et
277 833 376 868 modi
407 842 441 866 et
471 833 612 866 numeri
640 832 900 879 simplicitatem
932 833 1096 875 offendit,
1130 844 1216 879 quos
1246 831 1418 874 desectus,
1442 845 1554 880 paene
1574 834 1613 867 in
1637 836 1746 881 ipsius

211 888 343 934 patriae
367 887 434 921 vita
460 895 552 921 ortos
577 886 777 921 Atticorum
799 886 918 934 lingua
942 900 1015 922 non
1038 888 1174 921 minore
1192 884 1335 921 consilio
1353 899 1458 933 quam
1474 887 1581 932 gratia
1593 887 1743 930 refinxit,

212 953 288 975 non
312 940 424 975 solum
450 941 489 975 in
512 941 711 987 primitivis,
734 939 796 974 sed
820 942 859 975 in
884 941 1045 975 derivatis
1069 942 1107 974 in
1131 940 1236 973 rebus
1260 940 1441 981 concretis,
1467 940 1598 985 ῥέετρα,
1626 941 1746 987 ῥεΐτρα,

214 995 319 1029 etiam
342 994 380 1027 in
405 995 571 1042 propriis,
594 1006 677 1028 nam
700 994 890 1033 Ποντόνοος
914 1002 1001 1028 esset
1022 992 1224 1031 Ποντόνους.

306 1048 348 1081 In
373 1047 493 1081 multis
516 1047 692 1082 vocabulis
716 1047 860 1082 Homeri
883 1046 989 1081 modo
1014 1060 1028 1078 ε
1046 1046 1157 1080 modo
1188 1060 1214 1079 ει
1237 1046 1275 1092 in
1308 1045 1429 1080 eadem
1453 1046 1573 1082 radice
1602 1056 1670 1090 est,
1701 1050 1748 1083 sic

215 1100 321 1136 modo
345 1115 365 1134 v
391 1100 496 1135 modo
521 1114 582 1144 ους
607 1101 655 1135 ita
679 1101 776 1134 cerni
800 1109 915 1147 potest
939 1099 1001 1132 illa
1024 1098 1231 1134 multitudo:
1269 1112 1357 1147 quae
1393 1099 1465 1133 fine
1489 1109 1546 1134 aut
1568 1101 1667 1135 nulla
1691 1112 1749 1136 aut

217 1154 353 1202 liquida
377 1164 511 1189 tantum
535 1154 683 1189 abscissa
706 1163 804 1195 sunt,
830 1155 979 1188 variant:
1003 1167 1135 1201 »ιε-ων,
1161 1167 1359 1195 κει-οντες,·
1385 1156 1523 1196 ξων-οι,
1551 1157 1692 1199 ‘ger-og,-
1717 1166 1750 1189 at

219 1221 372 1255 quorum
396 1209 467 1241 fine
491 1216 542 1241 est
573 1208 711 1241 firmior
733 1219 829 1253 pars,
854 1220 927 1241 uon
951 1208 1102 1241 variant:
1127 1209 1261 1248 λεν-ω,
1284 1209 1487 1255 -σεβ-ομαις
1512 1220 1611 1248 τεκος,
1638 1210 1746 1250 denuc,
1792 1254 1797 1256 ‘

217 1274 403 1310 nunquam
425 1262 518 1294 inest
537 1274 587 1302 ει;
611 1274 737 1302 τειχος,
769 1273 952 1307 nunquam
976 1273 1012 1302 ες
1038 1268 1112 1293 tum
1141 1272 1246 1300 νοσος,
1273 1272 1410 1303 νουσος,·
1435 1260 1473 1294 in
1498 1259 1552 1295 his
1576 1261 1749 1297 vocabulis

217 1326 366 1364 propter
389 1312 531 1350 mollem
554 1313 664 1349 finem
685 1312 806 1361 lingua
830 1313 1070 1361 loquentium,
1104 1322 1142 1347 ut
1165 1313 1213 1347 ita
1243 1312 1375 1355 dicam,
1409 1326 1481 1349 non
1514 1316 1596 1350 satis
1619 1316 1752 1351 frenata

218 1380 302 1405 erat.
351 1369 551 1415 Utrumque
584 1376 618 1401 et
649 1382 669 1400 υ
701 1376 737 1401 et
764 1382 775 1401 ι
805 1365 1019 1409 abundabat,
1059 1366 1224 1401 differunt
1252 1376 1449 1414 praeterea,
1483 1369 1580 1416 quod
1613 1384 1632 1403 v
1664 1370 1751 1404 valet

219 1432 487 1463 consonantem,
534 1420 642 1470 quem
681 1421 846 1469 spiritum
883 1432 1046 1468 asperum
1082 1421 1299 1467 grammatici
1336 1421 1475 1464 dicunt,
1514 1435 1749 1469 compensare,

222 1477 349 1516 ὄλοςπ
369 1480 485 1518 ουλοςς
510 1474 763 1520 ὃρος-Ξουροῃ
795 1488 914 1520 αφηρει
934 1486 1124 1518 εαπαυρα.
1188 1473 1319 1508 Confer
1354 1473 1601 1520 ἧμιν-ταμμιν,
1636 1476 1696 1511 ubi
1726 1493 1751 1520 μ

220 1530 346 1567 eodem
370 1529 475 1564 modo
507 1538 718 1575 compensat.
765 1529 859 1563 Haec
882 1528 1121 1574 compensatio
1145 1528 1256 1573 partis
1284 1540 1349 1573 per
1372 1538 1518 1575 partem,
1543 1542 1636 1576 quae
1663 1530 1752 1563 nihil

222 1585 260 1616 in
291 1594 330 1615 re
359 1583 447 1628 agit,
477 1593 615 1615 summo
657 1583 731 1624 jure
767 1581 809 1614 ab
841 1581 964 1615 Atticis
997 1579 1181 1627 repudiata
1218 1589 1285 1621 est,
1341 1580 1408 1614 alia
1438 1592 1488 1616 est
1519 1583 1555 1615 in
1586 1583 1752 1617 vocabulo
1795 1598 1798 1605 ¹

222 1636 312 1678 ἑνος,
339 1633 433 1668 uude
457 1649 543 1678 ενιοι,
570 1634 633 1669 ubi
657 1650 669 1668 ι
693 1633 789 1682 quod
813 1643 1014 1681 compensat
1036 1633 1141 1668 habet
1165 1625 1455 1670 vimdeducendi
1486 1635 1641 1680 Variatio
1661 1638 1753 1672 inter

223 1705 236 1725 ε
261 1699 295 1724 et
318 1704 356 1731 ει,
382 1690 477 1724 inter
498 1702 515 1722 o
539 1697 573 1723 et
589 1703 635 1724 ου
658 1700 733 1723 non
757 1697 809 1722 est
823 1689 996 1723 contraria
1012 1687 1148 1721 Atticae
1170 1686 1341 1721 vocalium
1365 1689 1503 1729 rationi,
1527 1690 1612 1723 sed
1601 1703 1638 1724 tn
1649 1692 1751 1727 modo

222 1745 293 1779 sive
316 1741 446 1784 radice,
473 1754 584 1790 quum
606 1742 803 1777 communis
827 1742 883 1783 sit,
909 1754 953 1775 ne
977 1739 1113 1775 vacillet
1135 1741 1261 1775 vocalis
1285 1753 1425 1776 necesse
1450 1751 1510 1778 est.

316 1796 453 1831 vocalis
479 1811 492 1831 ε
519 1806 591 1831 tam
612 1794 768 1842 levisest
791 1797 828 1830 in
854 1808 915 1831 ore
940 1795 1063 1829 veteris
1087 1799 1221 1842 poe'tae,
1244 1804 1282 1829 ut
1304 1796 1379 1829 sine
1404 1795 1611 1831 ullo'rerum
1629 1798 1752 1832 discri-

224 1842 321 1886 mine
343 1850 447 1885 modo
472 1852 511 1884 in
535 1848 711 1885 vocabulis
735 1851 933 1884 inveniatur
944 1847 1050 1883 modo
1075 1849 1182 1891 absit3
1208 1849 1266 1882 vix
1283 1858 1421 1895 oportet
1437 1862 1643 1892 memorare,
1667 1851 1751 1885 alius

223 1905 363 1954 generis
389 1916 460 1938 esse
483 1902 636 1941 vocalem
663 1917 696 1945 ε,
723 1915 813 1951 quae
835 1903 972 1937 verba
962 1915 1002 1938 ιιι
1026 1914 1129 1936 usum
1152 1897 1320 1937 narrandi
1344 1901 1507 1945 declinet,
1532 1912 1565 1939 et
1588 1917 1752 1975 augmen-

227 1969 299 1994 tum
324 1967 478 1993 vocetur.

315 2011 505 2045 Distractio
536 2011 779 2057 geminationis
812 2022 913 2045 verae
941 2014 1068 2054 σιὀμαι,
1099 2013 1175 2050 παῖς
1210 2020 1281 2057 quo
1319 2010 1497 2045 intereunt
1528 2009 1751 2059 diphthongi,

226 2076 317 2112 quae
339 2074 421 2100 sunt
443 2064 638 2112 gratissima
662 2063 851 2109 elementa,
881 2064 920 2100 in
943 2073 1091 2103 extrema
1113 2073 1213 2112 parte
1234 2061 1344 2101 libelli
1366 2065 1566 2111 notabitur5
1611 2067 1752 2112 potitam
