1931 2329
969 132 992 165 8

212 241 361 276 formam
397 238 548 273 civitatis
581 238 777 285 congessit,
810 237 860 270 sic
891 236 997 270 etiam
1036 235 1284 284 in;fingenda'
1303 240 1458 275 oratioue
1490 240 1533 273 ab
1566 240 1744 276 elementis

210 296 327 330 omnia
349 293 543 335 recensuit3
576 301 611 327 et
635 292 735 336 hujus
768 290 821 324 rei
845 289 944 331 fines,
975 290 1103 337 quibus
1132 292 1270 339 origiue
1290 290 1450 339 proxima
1472 303 1555 328 sunt
1576 295 1744 330 miracala

209 358 435 384 venustorum
460 347 584 381 artium
598 371 609 388 ,
633 344 759 380 iisdem
782 343 942 393 passibus
960 343 1125 391 protulit,
1157 346 1285 393 quibus
1302 346 1453 386 rationes
1467 346 1596 390 civiles,
1616 350 1745 396 quibu·

207 404 350 452 negotia
379 402 583 437 necessaria.
639 400 760 446 Itaque
797 397 926 433 harum
960 398 1159 434 dictionum
1194 398 1336 435 collatio
1373 411 1412 434 eo
1445 401 1668 448 perducitur,
1708 413 1745 438 ut

207 457 373 499 stationes
396 457 465 490 sint
487 455 575 488 vitae
599 453 706 487 unius
726 451 873 501 populi,
906 453 1005 497 cujus
1027 454 1211 488 maturatio
1242 465 1309 502 per
1340 463 1392 489 tot
1424 454 1540 490 secula
1572 456 1679 492 dilata
1712 467 1746 491 et

210 521 350 548 extensa
375 521 447 545 esse
469 508 621 558 videtur,
646 516 686 543 ut
708 516 780 542 tam
802 505 932 542 multae
956 519 1088 549 causae,
1113 520 1263 555 quarum
1288 507 1354 543 alia
1378 507 1480 543 aliam
1497 511 1684 557 exciperet,
1708 524 1746 551 ex

210 566 337 602 ordine
361 564 612 599 evolverentur.
1466 589 1469 591 Α
1569 608 1574 611 ι

300 617 453 653 Dialeoti
477 616 649 666 quaedam
672 616 768 652 notio
801 616 983 663 superiore
1007 615 1087 651 loco
1111 616 1249 663 prodita
1273 626 1334 660 est,
1360 630 1449 666 quae
1474 618 1632 665 cognatio
1655 627 1746 652 aeta-

210 685 284 708 tum
307 684 384 708 uon
415 670 552 707 tollitur
582 669 760 706 vocabulis
786 670 823 704 iu
848 669 956 705 altera
978 669 1096 704 multis
1124 669 1282 705 funditus
1306 672 1470 714 sublatis,
1494 671 1612 706 multis
1636 680 1758 705 muta-2

212 731 275 772 ¹³⁵3
289 728 361 770 'sed
386 721 531 773 apparet
559 724 644 758 inde
658 724 722 758 ·vis
750 724 947 772 promotrix
969 734 1037 771 per
1058 730 1248 771 utrumque
1271 726 1449 767 continue,
1474 734 1509 760 et
1531 737 1620 761 novo
1644 738 1747 771 argu-

209 790 328 816 mento
352 778 455 813 nobis
479 776 732 827 persuadetur,
764 777 868 812 latere
900 777 966 812 sub
998 776 1176 813 vocabulis
1199 786 1405 825 potestatem
1429 791 1617 822 summam,
1657 782 1746 827 quae

207 848 327 870 rerum
351 833 559 880 dignitatem
582 831 696 881 pluris
719 832 838 874 faciat,
870 832 980 879 magis
1013 841 1145 874 curet,
1162 845 1269 880 quam
1298 844 1383 868 voce
1414 833 1538 880 petitas
1569 833 1746 867 formulas.

211 893 251 924 Iu
276 889 435 925 oratioue
459 900 497 922 ex
522 887 647 922 eadem
669 886 790 935 lingua
814 898 885 922 uno
910 885 967 921 vel
991 886 1125 935 aliquot
1146 886 1273 922 seculis
1297 887 1416 934 postea
1448 887 1643 934 profluente
1666 900 1747 933 per-

210 944 318 980 multa
342 941 511 977 vocabula
534 942 582 975 ita
607 940 859 983 desiderantur,
884 950 924 976 ut
945 940 1104 975 funditus
1125 941 1348 974 exterminata
1368 940 1522 986 putanda
1545 941 1632 984 sint3
1658 955 1746 988 quae

206 1000 348 1034 fortuna
370 995 592 1041 linguarum,
628 1006 737 1041 quam
760 996 799 1026 in
822 1006 885 1027 sua
909 994 1060 1040 quisque
1083 994 1233 1040 reperit,
1262 1006 1373 1041 quum
1397 993 1435 1027 in
1459 994 1581 1028 ceteris
1606 1006 1747 1042 quoque

208 1053 362 1092 eveniat,
394 1060 467 1084 non
491 1049 531 1082 in
553 1047 773 1096 singularum
798 1046 957 1094 gentium
981 1047 1214 1082 inconstantia
1245 1047 1311 1082 sita
1342 1058 1414 1082 esse
1437 1048 1593 1089 videtur,
1618 1048 1686 1083 ‘sed
1708 1049 1746 1082 in

210 1105 391 1142 communi
415 1103 576 1139 omnium
597 1102 751 1145 natura,
765 1114 848 1136 sane
873 1102 1112 1136 exterminatio
1135 1101 1343 1149 profundius
1368 1103 1474 1136 vitam
1489 1100 1614 1148 populi
1628 1103 1746 1149 tangit,

211 1155 319 1209 quam
342 1157 509 1197 mutatio,
534 1168 625 1202 quae
648 1157 742 1189 inter
770 1154 992 1202 loquendum
1022 1153 1113 1188 ultra
1145 1156 1317 1198 terminos,
1335 1154 1540 1189 declinandi
1561 1155 1746 1205 particulas

213 1217 285 1250 sive
307 1211 421 1251 addit,
446 1211 518 1254 sive
541 1208 668 1248 demit,
692 1208 778 1242 alias
802 1208 914 1250 vocali
938 1207 1049 1254 gradu
1073 1217 1187 1243 movet
1211 1217 1246 1243 et
1266 1209 1304 1242 in
1327 1210 1573 1257 propinquum
1594 1211 1746 1257 reponit,

211 1267 305 1303 unde
329 1262 441 1301 oritur
464 1260 680 1296 difficillima
696 1262 733 1295 in
751 1260 938 1296 con-cordia
951 1261 1125 1296 mentium
1138 1260 1320 1299 dissensio,
1354 1262 1410 1296 Ad
1427 1263 1599 1297 acriorem
1616 1275 1753 1305 casum,

211 1334 282 1371 quo
307 1316 381 1357 tota'
393 1315 504 1352 veluti
513 1315 673 1350 membra
692 1327 711 1349 e
724 1314 843 1363 lingua
861 1315 1061 1359 ejiciuntur,
1082 1315 1363 1363 cogno-scendum
1376 1319 1471 1361 juvat
1484 1318 1560 1364 ipse
1576 1318 1746 1352 sermonis

209 1367 311 1418 usus,
341 1370 508 1409 honestus
541 1370 680 1405 animus
711 1368 874 1412 dicentis,
908 1370 1045 1417 quoties
1077 1369 1261 1406 offendunt
1293 1384 1382 1418 quae
1406 1384 1425 1404 a
1447 1371 1602 1419 perfecta
1624 1381 1748 1406 natura

215 1431 329 1464 aliena
351 1436 443 1468 sunt,
470 1436 683 1473 quamquam
704 1424 739 1457 vi
765 1432 949 1471 corruptae
973 1432 1117 1460 naturae
1131 1425 1286 1472 speeiem
1306 1424 1462 1471 aliquam
1480 1425 1631 1460 veritatis
1648 1437 1749 1459 meu-

213 1486 363 1524 tiuntur‚
382 1479 560 1515 declinare
578 1477 708 1520 studet:
733 1477 1015 1524 euphemismum
1039 1487 1173 1513 vocant.
1211 1478 1402 1520 Vocabula,
1423 1492 1512 1526 quae
1526 1491 1606 1513 vera
1631 1481 1750 1526 cogni-

214 1541 306 1573 tione
331 1545 366 1570 et
389 1543 485 1570 certa
508 1545 649 1569 morum
672 1531 873 1567 conditione
897 1532 1071 1574 nituntur,
1097 1545 1146 1573 ea,
1171 1543 1261 1579 quae
1279 1540 1475 1566 constantes
1495 1532 1622 1576 formas
1636 1535 1747 1581 spatii,

211 1604 296 1640 quas
320 1589 427 1624 hodie
450 1587 493 1622 ad
506 1587 737 1635 geometriam
749 1585 915 1629 referunt,
938 1585 1052 1621 vocali
1068 1586 1103 1620 vi
1119 1584 1290 1627 exhibent,
1315 1584 1376 1620 diu
1388 1595 1541 1629 manent,
1566 1597 1600 1623 et
1612 1588 1749 1636 integre

211 1646 359 1694 posteris
382 1641 587 1687 traduntur3
618 1649 702 1677 sunt
723 1650 841 1676 autem
864 1639 930 1675 alia
952 1639 1082 1683 multa,
1108 1654 1199 1688 quae
1222 1641 1346 1689 agitato
1372 1650 1407 1676 et
1428 1642 1611 1678 fluctuanti
1641 1641 1749 1676 fundo

214 1702 315 1747 quasi
339 1701 507 1739 innatant,
531 1710 581 1739 ea,
606 1708 696 1744 qnae
720 1694 854 1729 laetitia
876 1696 1072 1743 gestientes,
1095 1694 1155 1729 vel
1174 1694 1325 1730 libidine
1349 1695 1443 1743 capti
1466 1693 1676 1743 explodunt,
1710 1709 1750 1729 ea

215 1753 343 1800 quibus
357 1752 449 1785 ultra
470 1752 616 1785 modum
631 1749 790 1785 dolentes
801 1748 888 1802 laesi
912 1750 1020 1785 animi
1044 1748 1243 1801 affectiones
1260 1749 1419 1784 exhibere
1442 1759 1623 1792 conantur,
1640 1749 1750 1785 collu-

212 1809 284 1841 vies
317 1806 574 1846 conviciorum,
619 1804 747 1850 quibus
777 1805 857 1839 irati
888 1812 1056 1847 utuntur,
1087 1803 1231 1851 vestigia
1257 1802 1336 1839 elati
1362 1805 1487 1847 animi,
1511 1804 1680 1840 vocabula
1706 1805 1749 1837 ad
1766 1823 1774 1832 =

216 1859 432 1896 inurendum
457 1858 640 1893 infamiam
662 1859 704 1892 iis
729 1859 791 1901 qui
813 1871 960 1893 munera
975 1857 1389 1907 civitatis'corrumpunt3
1415 1855 1666 1902 euncta'hujus
1690 1871 1751 1906 ge-

218 1916 312 1950 neris
336 1912 438 1948 valde
461 1912 592 1948 caduca
617 1921 711 1954 sunt,
735 1920 770 1946 et
792 1925 901 1960 quum
926 1926 1015 1961 quae
1039 1926 1147 1961 supra
1170 1912 1322 1949 indicata
1344 1922 1444 1957 sunt,
1467 1926 1533 1962 per
1555 1912 1671 1948 secula
1694 1915 1750 1948 in-

218 1982 314 2018 tegra
339 1970 489 2016 vigeant,
510 1967 596 2001 haec
619 1968 679 2001 vix
704 1966 874 2001 decennia
898 1969 1099 2014 persistunt.
1146 1968 1257 2011 Quam
1281 1968 1458 2003 fortunam
1483 1968 1684 2016 linguarum
1707 1980 1749 2001 ex

214 2024 390 2058 industria
414 2021 585 2056 distinctis
618 2020 732 2055 verbis
756 2031 952 2058 memorare
971 2021 1078 2065 volui,
1102 2031 1141 2057 ut
1163 2023 1291 2070 cuique
1312 2021 1579 2070 persuadeatur,
1606 2023 1746 2070 genium

215 2080 353 2126 inguae
376 2076 604 2117 fortissimum
635 2076 805 2122 cujusque
837 2074 972 2112 honesti
999 2087 1147 2122 tutorem
1171 2075 1253 2119 esse,
1279 2085 1398 2113 contra
1423 2091 1474 2119 ea,
1500 2090 1588 2124 quae
1611 2091 1630 2110 a
1653 2085 1752 2123 recto
