1931 2329
966 144 985 175 2

210 258 245 284 et
267 247 431 284 foliorum
454 247 637 296 explicatio
653 246 867 295 praecedunt
889 247 1015 282 florum
1032 247 1179 293 copiam,
1204 247 1241 282 in
1261 248 1387 295 quibus
1402 259 1563 282 numerus
1577 250 1738 293 partium,

211 303 339 345 forma,
361 301 439 350 ipse
462 301 561 337 color
585 296 767 349 praefinita
790 311 871 335 sunt
894 301 936 335 iis
961 301 1103 341 viribus,
1128 314 1215 348 quac
1240 302 1337 349 prius
1360 314 1421 335 sua
1445 311 1608 349 egerunt,
1633 303 1739 338 simili

211 356 318 391 modo
342 368 362 390 e
386 368 488 403 prosa
511 357 668 391 oratione
689 356 856 402 cujusque
879 354 998 389 aetatis
1023 355 1169 403 emergit
1192 355 1348 408 ciusdem
1373 357 1523 403 poetica.

303 409 501 445 Discrimen
525 411 696 460 interleas
720 421 794 450 res,
827 421 911 457 quas
935 421 1136 457 comparare
1160 409 1389 451 instituimus,
1411 418 1556 445 stantum
1580 423 1649 445 non
1679 421 1740 452 est,

212 473 252 498 nt
274 464 432 498 diversae
454 463 594 509 linguae
627 462 837 503 habeantur,
868 462 1006 496 idcirco
1031 462 1261 496 dialectorum
1291 465 1453 505 nomine,
1487 464 1582 510 quod
1607 465 1741 499 minora

211 517 394 552 intervalla
418 517 571 558 denotat,
597 514 688 551 dicta
712 525 802 551 sunt.
852 516 1057 557 Orationes,
1088 528 1237 563 quarum
1261 516 1414 564 plurima
1439 516 1604 552 vocabula
1628 519 1742 560 initio,

211 566 464 620 media-parte,
489 571 562 606 fine
577 570 790 619 discrepant,
817 569 947 605 diversa
962 583 1105 619 quoque
1127 570 1249 620 lingua
1272 571 1446 618 profectae
1469 581 1560 613 sunt,
1584 584 1643 606 eae
1660 586 1744 608 con-

213 635 282 667 tra,
307 638 460 673 quarum
484 626 638 673 plurima
661 623 848 665 vocabula,
878 626 908 658 si
934 625 1004 658 (ine
1029 625 1210 666 differunt,
1236 626 1338 659 initio
1363 634 1577 673 congruunt,
1608 626 1677 659 sive
1707 628 1743 659 in

214 679 283 714 alia
306 679 542 727 discrepantia
565 679 732 714 continuo
762 676 916 726 aliquam
940 677 1183 726 aequalitatem
1206 678 1379 721 referunt,
1411 689 1492 715 sunt
1513 680 1649 714 ratione
1673 679 1746 714 dia-

213 733 396 768 lectorum.
444 733 538 768 Sane
557 731 742 768 molestum
768 731 947 778 negotium
971 741 1040 773 est,
1070 734 1301 780 perscrutari,
1330 734 1457 781 quibus
1473 747 1642 782 ⁴quaeque
1666 747 1750 782 1²²1?

214 786 309 820 tibus
333 784 533 828 dissideant,
558 785 686 834 quibus
708 797 848 820 rursum
872 786 1100 829 conveniant3
1125 794 1241 820 tamen
1265 784 1344 821 fieri
1368 796 1467 834 posse
1483 797 1555 821 non
1572 785 1746 835 desperat,

214 841 273 881 cui
295 853 502 889 persuasum
524 850 592 883 est,
615 852 689 876 non
711 852 785 875 esse
807 840 891 875 haec
916 848 987 875 tam
1009 839 1173 883 fortuito,
1198 849 1237 876 ut
1259 840 1425 881 nonnulli
1448 840 1656 888 opinentur,
1684 843 1746 890 qui

215 894 429 932 contendere
452 909 524 932 non
549 895 720 938 dubitant,
744 895 881 943 linguas
903 905 1052 944 propter
1074 894 1226 930 liberum
1250 895 1446 938 arbitrium,
1471 895 1568 943 quod
1595 896 1747 930 homini·
1769 898 1772 900 ’

213 950 280 984 hus
304 951 399 991 insit,
426 962 506 984 casu
530 950 670 992 versari,
695 962 761 984 nec
784 962 886 997 posse
901 961 1115 998 quemquam
1140 949 1238 983 aliud
1252 948 1346 996 plus,
1372 961 1476 995 quam
1501 949 1542 983 iis
1560 949 1747 992 vocabulis,

214 1016 303 1052 quae
325 1015 393 1051 pro
419 1012 576 1051 tempore
600 1002 748 1044 valeant,
773 1004 812 1036 in
837 1015 900 1037 sua
922 1015 961 1037 re
984 1003 1052 1046 uti;
1077 1015 1199 1037 verum
1217 1011 1278 1044 est,
1304 1015 1393 1050 quae
1406 1003 1483 1049 quis
1497 1003 1535 1037 in
1551 1016 1613 1044 suo
1631 1005 1750 1039 animo

216 1067 312 1106 ngat,
346 1070 417 1092 non
445 1068 548 1104 posse
575 1055 684 1090 alium
713 1057 899 1103 consequi3
928 1064 963 1090 at
988 1057 1270 1104 quotiescunque
1300 1056 1447 1091 vertitur
1481 1057 1519 1090 in
1551 1069 1607 1091 eas
1630 1066 1749 1104 partes

216 1112 386 1159 eorporis,
411 1123 501 1158 quae
513 1110 637 1144 ceteris
650 1122 792 1158 quoque
808 1108 934 1144 iisdem
958 1108 1094 1156 legibus
1109 1119 1210 1145 natae
1226 1118 1317 1151 sunt,
1341 1109 1434 1144 subit
1450 1108 1636 1154 iudicium3
1662 1111 1749 1160 quid

217 1164 315 1213 apud
337 1177 373 1200 se
395 1165 573 1213 quispiam
597 1165 735 1211 cogitet,
758 1163 851 1198 nihil
875 1163 920 1198 ad
943 1166 1023 1208 me3‘
1040 1162 1149 1211 quum
1172 1176 1252 1199 vero
1271 1164 1379 1198 oratio
1399 1165 1493 1199 inter
1506 1165 1662 1202 membra
1677 1166 1749 1213 spi-

215 1219 330 1253 rdculi
360 1228 394 1253 et
421 1229 561 1252 sensum
586 1217 755 1251 audiendi
779 1217 925 1264 geritur,
956 1219 1001 1251 in¹
1020 1227 1162 1251 naturae
1186 1218 1315 1253 finibus
1339 1226 1406 1260 est,
1430 1219 1468 1252 in
1492 1219 1619 1265 quibus
1644 1220 1748 1264 tangi,

216 1285 254 1309 ex
278 1272 408 1321 quibus
433 1271 603 1306 continuo
624 1269 774 1315 judicari
796 1279 921 1316 potest.
967 1271 1062 1305 Haec
1083 1270 1174 1314 dixi,
1203 1281 1242 1308 ut
1263 1272 1421 1335 primam
1439 1272 1549 1315 viam,
1583 1285 1651 1320 qua
1674 1285 1749 1307 rem

217 1327 399 1375 adgressus
421 1326 507 1367 sim,
538 1324 709 1366 indicem,
735 1324 793 1359 cui
818 1323 960 1359 accedat
983 1336 1123 1361 necesse
1146 1337 1211 1370 est,
1248 1339 1318 1375 quo
1347 1327 1568 1375 potissimum
1600 1326 1748 1362 consilio

217 1394 293 1416 enm
313 1381 539 1427 susceperim.

306 1432 600 1469 Adulescentibus
624 1432 751 1469 nostris
777 1431 899 1468 literae
912 1430 1128 1468 Graecorum
1146 1431 1312 1480 legendae
1334 1436 1533 1484 propositae
1557 1444 1649 1476 sunt,
1673 1435 1749 1484 pri-

216 1502 315 1525 mum
337 1498 378 1523 nt
399 1501 475 1529 res,
513 1500 603 1535 quae
627 1488 668 1522 iis
693 1488 935 1529 continentur,
968 1489 1086 1522 animo
1118 1488 1334 1535 percipiant,
1369 1499 1409 1524 ut
1431 1490 1574 1525 Homeri
1599 1490 1749 1524 nativam

217 1542 489 1589 simplicitatem,
514 1542 551 1575 in
576 1553 702 1588 magna
723 1553 843 1575 rerum
868 1542 968 1587 copia
984 1550 1156 1588 perpetuo
1171 1551 1340 1576 servatam
1357 1544 1583 1590 persentiant,
1608 1544 1643 1577 in
1660 1543 1751 1577 Atti-

219 1597 269 1632 cis
281 1596 509 1645 scriptoribus
534 1605 666 1631 exactas
689 1595 839 1630 rationes
854 1595 999 1630 civitatis
1012 1604 1233 1644 cognoscant,
1253 1609 1307 1631 res
1332 1606 1440 1644 gestas
1458 1598 1599 1633 vocibus
1615 1610 1749 1638 eorum,

219 1651 349 1699 quibus
378 1660 538 1698 peractae
569 1658 667 1691 sunt,
699 1648 909 1696 intelligant.
954 1649 1025 1692 Via,
1051 1662 1122 1697 qua
1153 1650 1349 1686 accedimus
1384 1653 1572 1687 sententias
1606 1652 1748 1686 Homeri

217 1704 337 1740 multis
366 1704 483 1739 modis
512 1703 645 1738 diversa
676 1712 728 1738 est
750 1704 793 1738 ab
819 1689 904 1746 ea?
924 1716 993 1751 qua
1025 1703 1168 1738 consilia
1191 1704 1459 1751 Atheniensium
1490 1705 1749 1754 consequimur,

220 1771 310 1807 quae
333 1759 517 1807 utriusque
541 1758 616 1792 viae
640 1757 863 1800 discrimina,
897 1770 985 1806 quae
1010 1757 1157 1793 totidem
1182 1758 1433 1806 impedimenta
1465 1769 1562 1802 sunt,
1591 1770 1624 1794 et
1647 1760 1751 1794 vehe-

194 1813 331 1860 ›nmti
353 1812 434 1848 odio
465 1813 588 1861 pueris
619 1811 838 1854 habenam-,⁸
862 1822 1006 1848 conatus
1036 1826 1114 1847 sum
1144 1814 1192 1847 ita
1221 1825 1423 1861 comparare
1447 1823 1487 1849 ut
1519 1815 1652 1855 fructu,
1689 1814 1751 1861 qui

179 1865 358 1918 &dadum
379 1865 462 1900 inde
484 1867 700 1915 percipitur,
730 1865 821 1900 nihil
850 1867 1053 1909 imminuto,
1082 1869 1160 1915 ipsa
1192 1867 1440 1915 impedimenta
1474 1869 1511 1904 in
1544 1881 1645 1903 usum
1674 1880 1750 1902 ver-

217 1911 352 1964 fitur,
379 1933 499 1969 quum.
512 1922 729 1956 occasionem
753 1920 957 1959 conferendi
978 1921 1256 1958 adolescentibus
1278 1923 1484 1971 praebeant,
1508 1931 1547 1958 ut
1570 1935 1636 1971 pro
1651 1922 1749 1957 rudi-

220 1975 284 2011 bna
304 1973 622 2024 ungu-enmfflunt
642 1975 770 2022 gradus
795 1974 1022 2029 diffezemiae,
1046 1976 1110 2024 qui
1134 1975 1226 2011 uluo
1251 1976 1295 2010 ad
1308 1976 1582 2011 discernendum
1597 1986 1750 2012 mentem

220 2027 424 2071 afficiunt-‚1
433 2026 656 2083 qnwrgiret
676 2030 783 2064 animi
819 2031 914 2065 inter
948 2039 1083 2077 gratum
1121 2030 1348 2079 nobilemque
1385 2030 1572 2082 voluptatis
1610 2042 1750 2076 sensum

218 2080 436 2131 magnopere
456 2079 671 2127 exercentur.
718 2083 796 2119 Hoc
816 2096 952 2128 meum,
982 2085 1078 2133 quod
1102 2085 1282 2134 adgressus
1311 2098 1406 2129 sum,
1433 2086 1645 2122 contulerim
1669 2097 1749 2120 cum

890 2219 926 2239 ..ἱ
936 2239 940 2243 .

928 2242 986 2264 2⁴«.

990 2263 1001 2271 ς
