1931 2329
836 174 880 207 29

184 284 337 319 Derivati
358 282 420 316 alii
441 281 478 315 in
504 289 733 315 consonantes
751 281 933 321 desinunt,·
950 280 1013 314 alii
1041 281 1086 314 in'
1110 279 1242 315 vocales
1264 282 1315 314 vel
1339 295 1369 322 α,
1391 283 1443 316 vel
1467 297 1495 324 o,
1516 284 1568 318 vel
1596 299 1621 324 ε,

94 338 301 387 quibuscum
319 335 363 371 Η.
375 334 563 377 interdum,
580 335 668 384 quin
687 346 827 370 necesse
840 336 896 376 sit,
911 346 975 382 per
990 335 1210 369 iterationem
1226 336 1338 382 jungit
1355 347 1517 372 numeros
1542 336 1628 372 acti-

92 404 162 429 vos.
187 390 352 427 Reflexivi
367 390 504 424 numeri
516 396 552 424 'et
563 391 697 437 priores
713 390 839 436 passivi
853 390 890 423 in
899 389 1032 423 Graeca
1044 389 1163 436 lingua
1176 389 1301 423 iisdem
1313 389 1491 425 elementis
1505 394 1623 438 expri-

93 456 247 481 muntur,
271 444 311 477 In
326 445 512 492 primitivis
531 445 634 486 um,
659 444 752 478 δέκτο
773 443 868 490 apud
885 443 927 479 Η.
950 455 1029 490 pars
1051 445 1188 477 numeri
1209 454 1369 491 angustat
1391 445 1544 485 modum,
1561 448 1625 493 qui

69 493 208 536 ‘Attica
234 497 346 533 forma
375 499 495 542 λέγετο,
530 500 639 541 δίχετό
673 499 810 543 integer
836 506 1009 539 servatur-3
1042 496 1177 531 accedit
1208 498 1303 545 quod
1340 499 1381 535 H.
1408 499 1480 532 illis
1503 501 1625 533 formis

93 555 164 588 vim
188 549 480 593 aoristiexhisset,
515 562 602 599 quae
624 562 690 597 per
712 554 841 592 ελεξατο
874 561 938 586 etc.
961 550 1205 599 ‚exprimenda
1239 562 1321 586 erat.
1380 554 1422 596 In
1453 553 1626 591 derivatis,

95 607 157 654 qui
180 619 245 655 per
268 620 292 640 α
313 606 494 654 accipiunt
516 615 692 645 immeruit,
716 614 768 639 est
789 605 884 653 apud
907 605 952 641 H.
992 620 1100 639 -αατο
1126 618 1263 648 -οωντο,
1293 608 1353 653 qui
1378 619 1441 653 pei·
1464 622 1488 648 ε,
1517 609 1626 641 inter-

95 662 180 696 dum
204 673 341 704 -wuto5
373 664 567 708 utrumque
583 659 720 693 Atticae
744 658 886 705 liuguae
898 661 1122 694 contrarium.
1172 660 1320 694 Formae
1343 657 1399 703 ἦα,
1420 662 1461 709 ,ἐά
1487 673 1506 694 e
1529 674 1629 695 voca-

66 730 76 736 ·
92 714 177 749 bulo
200 715 280 748 εἶναι
304 722 487 761 corruptae
509 722 601 754 sunt,
627 711 724 760 quod
745 713 790 747 ab
818 712 952 748 indicio
985 714 1125 747 numeri
1156 726 1299 761 prorsus
1332 714 1452 761 lingua
1484 716 1630 749 aberrat.

187 771 220 805 3.
244 767 376 804 Positio
399 768 536 803 futurae
559 768 619 802 rei.
667 767 744 802 Jam
768 775 876 803 aetate
889 767 1035 802 Homeri
1060 768 1124 802 hae
1149 769 1281 802 formae
1305 769 1441 815 egregia
1456 778 1528 802 arte
1546 780 1631 802 con-

94 823 205 857 sectae
225 830 333 863 erent,
356 833 474 869 neque
502 823 540 856 in
564 831 645 857 nota
668 821 864 869 quidquam
888 822 931 856 ab
959 823 1082 856 Atticis
1105 830 1274 855 mutatum
1298 832 1349 855 est
1371 831 1508 868 praeter
1533 822 1629 867 quod

96 891 117 912 σ
147 885 227 925 post
263 875 416 923 liquida
455 884 655 909 exemerunt
694 887 723 911 e.
759 887 800 910 e.
841 889 957 919 κερ-ει
994 887 1060 922 pro
1096 888 1276 920 κερ-σ-ει,
1321 884 1355 910 et
1390 876 1553 909 iteratum
1592 889 1631 908 σσ

96 934 275 974 ejecerunt
297 942 328 965 e.
358 941 393 977 e.-
412 942 571 964 εσσ-εται
593 939 789 965 correctum
820 930 859 965 in
883 930 1179 965 so-.s⁴tat={'uw1.
1230 929 1366 965 indicia
1391 942 1632 965 numerorum.

97 996 187 1032 quae
210 984 354 1017 Homeri
379 991 488 1017 aetate
514 986 582 1026 jam
605 985 747 1018 inventa
774 994 885 1025 erant,
910 984 1032 1034 eadem
1056 985 1149 1030 apud
1174 986 1216 1019 A.
1242 994 1454 1024 manserunt,
1480 995 1632 1019 attamen

95 1037 223 1073 melius
246 1037 426 1080 conjuncti
450 1042 541 1079 sunt,
563 1037 727 1084 inprimis
750 1049 917 1072 numerus
941 1038 1127 1077 reflexivns
1151 1038 1324 1072 audientis
1350 1051 1445 1072 -εσαι
1471 1048 1630 1085 amputa-

96 1093 192 1126 tione
216 1090 338 1137 egebat
360 1091 484 1132 majori
508 1103 613 1137 quem
632 1091 809 1125 >Homerus
832 1092 915 1125 fecit
938 1091 1112 1126 demendo
1137 1106 1176 1134 o,-
1201 1092 1352 1136 φιλήσεαι
1375 1093 1420 1127 H.
1436 1102 1487 1126 est
1509 1094 1631 1137 φιλήσῃ

96 1147 140 1181 Α,
189 1142 294 1187 Quod
317 1144 355 1176 in
381 1142 451 1177 Od.
469 1143 619 1188 φιλήσεαι
638 1156 705 1191 pro
721 1144 921 1189 φιληθήσεαι
934 1144 1065 1191 legitur
1088 1153 1138 1178 est
1160 1145 1282 1178 vitium
1298 1157 1343 1179 ne
1357 1158 1468 1191 puero
1487 1147 1634 1192 quidem

96 1196 340 1246 ignoscentias.
387 1195 511 1238 Causa,
543 1209 610 1243 qua
638 1209 703 1245 per
725 1206 777 1232 tot
798 1197 927 1239 secula,
952 1210 1043 1245 quae
1074 1197 1158 1232 inde
1191 1198 1235 1231 ab
1266 1199 1418 1234 Homero
1451 1212 1563 1247 usque
1588 1199 1631 1232 ad

97 1251 263 1298 Xenoph.
293 1251 455 1285 exhausta
493 1260 583 1291 sunt,
602 1259 715 1290 ,tanta
750 1249 938 1298 aequalitas
974 1253 1011 1285 in
1043 1251 1108 1285 hac
1152 1251 1265 1285 forma
1298 1252 1453 1287 Graecae
1490 1254 1629 1300 linguae

98 1303 474 1348 obtinuericvidetur
503 1304 568 1339 sita
599 1303 632 1337 ie
663 1315 715 1345 eo,
748 1303 845 1349 quod
878 1304 965 1338 haec
991 1304 1104 1338 forma
1135 1304 1270 1337 verbali
1303 1305 1488 1347 adjectivo,
1529 1310 1630 1353 quasi

99 1369 194 1403 certo
225 1359 455 1394 fundamento
477 1358 672 1401 nitebatur3
701 1369 784 1392 nam
818 1356 902 1391 iude
926 1357 1125 1392 deflectitur
1147 1370 1166 1391 τ
1196 1357 1366 1398 mutando
1402 1361 1440 1393 in
1472 1373 1502 1401 σ,
1535 1360 1633 1408 quod

97 1423 177 1462 post
210 1412 391 1460 liquidum
428 1412 636 1447 elementum
678 1411 927 1459 supprimitur3
975 1421 1155 1458 praeterea
1191 1412 1229 1445 in
1275 1414 1454 1448 nonnullis
1497 1415 1631 1449 vocales

98 1465 306 1502 restituendi
329 1475 413 1501 sunt
433 1478 519 1511 e.-e.
542 1467 580 1500 in
601 1479 734 1510 χυτ-ον
757 1465 884 1500 vocalis
914 1480 947 1510 e,·
983 1464 1112 1500 deinde
1140 1477 1206 1513 pro
1239 1466 1350 1501 vocali
1380 1482 1401 1500 α
1425 1468 1458 1501 in
1495 1482 1629 1511 σπαρτ-

100 1531 164 1556 etc.
188 1520 338 1555 sumitur
360 1534 386 1563 ε,
414 1532 503 1568 quae
525 1521 699 1567 posterior
722 1529 774 1554 est
797 1532 903 1567 quam
927 1534 964 1563 a,·
1012 1524 1129 1554 θε-τ-
1142 1533 1180 1553 ον
1209 1531 1290 1555 nota
1315 1521 1472 1565 adjectivi
1503 1523 1631 1557 vei-bal.

100 1589 149 1610 -τ
170 1574 254 1609 facit
273 1588 298 1616 ε,
325 1583 407 1609 nota
428 1574 565 1608 futurae
587 1575 641 1607 rei
665 1586 710 1608 -σ
732 1573 814 1607 facit
836 1588 869 1617 η,
893 1577 997 1618 θης-.
1054 1574 1095 1607 In
1119 1585 1189 1609 sor,
1214 1577 1303 1621 pass.
1327 1575 1448 1614 forma,
1474 1588 1565 1621 quae
1590 1589 1631 1608 ex

101 1629 224 1665 eodem
261 1628 331 1672 adj.
361 1628 456 1665 verb.
486 1625 698 1670 deflectitur,
727 1626 876 1663 eandem
907 1629 1000 1663 inter
1032 1627 1224 1663 Homerum
1250 1638 1282 1662 et
1313 1629 1446 1663 Atticos
1479 1630 1634 1676 aequali-

99 1689 205 1719 tatem
227 1682 390 1719 vidimus.

190 1740 224 1773 4.
248 1737 379 1773 positio
400 1735 592 1785 praesentis
615 1737 676 1771 rei.
726 1737 897 1772 Primitivi
922 1737 983 1771 alii
1005 1739 1041 1771 in
1057 1745 1310 1772 consonantem
1323 1737 1497 1777 desinunt,
1513 1737 1572 1771 alii
1590 1740 1627 1771 in

99 1792 277 1839 vocalem3
300 1792 338 1825 in
362 1791 541 1839 prioribus
563 1790 694 1825 indicia
718 1791 818 1825 activi
841 1792 979 1826 numeri
1003 1790 1096 1838 apud
1129 1791 1172 1825 H.
1207 1791 1327 1825 eadem
1357 1791 1490 1825 ratione
1523 1801 1628 1838 atque

102 1846 197 1895 apud
220 1847 251 1880 A
273 1859 283 1889 3
307 1846 475 1880 terminus
499 1844 668 1879 infinitivi
689 1843 733 1880 H.
758 1845 867 1879 variat
889 1845 940 1879 uti
964 1846 1002 1879 in
1025 1845 1138 1880 forma
1162 1857 1231 1880 aor.
1256 1856 1319 1890 per
1335 1846 1489 1878 activum
1509 1858 1631 1879 nume-

101 1914 181 1935 rum
204 1909 402 1935 narrante:-
418 1914 500 1941 -ειν,
527 1912 635 1943 -εμεν,
663 1912 804 1942 -εμεναι,
852 1900 967 1934 Attice
992 1900 1077 1936 hinc
1100 1912 1167 1934 una
1195 1899 1307 1933 forma
1340 1908 1391 1932 est
1423 1914 1507 1934 -ειν,
1557 1901 1631 1933 Pri-

100 1955 214 1990 mitivi
237 1954 349 1996 modi,
363 1954 434 2002 ‘qui
457 1954 498 1988 in
519 1952 674 1987 vocalem
691 1952 861 1995 disinum,
882 1954 1042 1988 difficiles
1059 1963 1156 1995 sunt7·
1181 1962 1299 1986 tamen
1317 1955 1431 1988 omnis
1446 1955 1631 1988 difficultas

104 2009 287 2051 excutitur,
310 2009 341 2042 si
360 2008 599 2056 reputavimus
622 2007 683 2042 has
706 2008 897 2056 praesentis
921 2009 972 2043 rei
995 2007 1120 2043 formas
1154 2005 1306 2049 differre,
1342 2008 1423 2055 quia
1452 2006 1507 2039 alii
1533 2007 1633 2042 aliter

104 2062 203 2095 illam
226 2063 410 2096 finientem
434 2062 589 2111 vocalem
623 2063 866 2106 aestimarunt3
899 2063 959 2109 qui
989 2061 1085 2096 illam
1116 2062 1273 2097 vocalem
1305 2071 1342 2096 ut
1371 2070 1505 2109 partem
1537 2063 1632 2098 modi

104 2119 170 2163 per⁴
193 2127 228 2150 se
250 2116 467 2151 exsistentem
492 2124 601 2161 putat,
627 2117 720 2158 juxta
744 2117 846 2162 ponit
868 2116 1040 2150 indicium
1064 2117 1202 2164 numeri
1229 2115 1334 2155 idem,
1368 2116 1464 2162 quod
1491 2116 1631 2149 adhibet
