1931 2329
923 144 963 177 ¹7

176 266 241 302 per
263 251 547 295 desiderativum3
571 251 765 299 praesentis
786 251 838 287 vel
862 253 1006 300 perfecti
1030 264 1095 300 per
1130 249 1361 294 intensivum·7
1397 255 1454 287 ubi
1487 254 1707 290 inchoativo,

175 316 237 350 est,
263 319 368 355 quem
391 304 488 354 apud
512 306 653 342 H..non
684 300 767 347 vid'i,
799 306 1005 355 imperandi
1030 306 1155 354 gradus
1189 307 1404 354 reprimitur.
1445 307 1495 341 ‘In
1524 307 1608 342 falsa
1641 308 1703 343 illa

124 361 133 367 ”
174 361 410 410 plenitudine,
436 357 505 409 qua
528 372 598 406 una
620 372 709 408 quae
732 360 846 406 agitur
864 361 1046 403 sententia,
1070 362 1168 409 quasi
1197 361 1360 400 silvescit,
1386 373 1484 394 mens
1503 362 1704 408 prohibitur

174 418 262 464 quin
288 418 362 459 ejus
393 427 471 450 cum
510 414 632 449 ceteris
671 414 840 449 rationem
879 416 1084 462 perspiciat,
1124 428 1192 463 qua
1229 424 1412 463 perspecta
1453 418 1704 451 sententiarum

174 467 362 505 eoncordia
386 470 540 503 nascitur
556 479 636 501 vera
660 468 781 508 oratio,
800 480 907 515 quam
924 470 1060 502 tertiam
1075 470 1178 502 totius
1194 458 1332 514 linguae
1350 478 1483 514 partem
1501 472 1700 513 statuimus3

172 532 346 572 postremo
380 522 536 558 iterativa
560 530 625 556 ete.
650 523 806 556 animum
830 520 989 557 alliciunt
1012 520 1057 556 ad
1081 520 1248 565 abjectam
1273 529 1308 555 et
1331 520 1508 569 indignam
1533 523 1703 559 elocutio-

173 589 266 619 nem,
292 589 361 624 qua
385 588 457 610 non
480 575 645 610 abhorret
668 576 820 616 tandem,
845 585 884 611 ut
906 576 1060 611 serarum
1082 589 1182 611 voces
1208 585 1242 610 et
1273 589 1377 610 sonos
1399 578 1518 612 inanes
1535 579 1702 621 imitatum

171 641 252 678 ergo
276 629 339 664 illa
362 629 517 664 enormia
542 638 763 677 postremam<
778 630 881 663 etiam
908 630 1009 664 totius
1032 629 1172 677 liuguae
1201 629 1428 677 provinciam,
1461 643 1549 677 quae
1574 640 1626 665 est
1647 632 1701 666 lex

160 685 388 726 elocutionis,
413 684 634 731 impugnant.
681 683 750 718 Has
775 683 1009 719 deformitates
1032 685 1179 719 sensisse
1193 693 1367 720 correctae
1384 685 1551 720 orationis
1567 685 1701 722 Atticae

172 747 330 773 auctores
354 738 507 785 probant
529 735 777 779 monumentis,
801 740 840 778 in
865 738 992 785 quibus
1015 750 1060 772 ue
1084 738 1266 783 vestigium
1298 738 1445 785 quidem
1475 738 1569 773 illius
1595 752 1700 775 enor-

169 793 298 827 mitatis
332 792 525 835 invenitur3
559 804 641 826 nam
677 803 748 827 non
781 804 902 827 moror
940 793 977 831 in
1010 791 1193 827 comoedia
1224 790 1328 834 hujus
1364 792 1503 836 generis
1534 796 1695 835 γελασειω,

168 856 271 890 οψειω
295 845 456 890 obtrudi,
487 846 653 879 nimirum
687 848 726 879 in
761 855 925 893 corrupta
957 846 1070 879 atiena
1093 857 1132 878 re
1148 843 1248 878 *ultro
1273 855 1434 892 corrupta
1458 846 1557 891 signa
1592 859 1699 893 quae—

167 908 305 935 runtur.
354 898 419 932 Illa
441 899 481 932 in
503 899 703 946 gravissima
727 911 767 933 re
790 899 989 933 emendatio
1013 899 1101 933 sacta
1122 907 1173 932 est
1198 897 1395 932 veneranda
1426 900 1552 933 mentis
1583 909 1699 935 aucto-

167 953 269 987 ritate
293 962 327 987 et
348 951 477 1000 lingua,
513 965 612 999 quae,
638 966 748 1000 quum
773 953 895 987 vitium
919 966 989 987 non
1012 954 1052 987 in
1083 953 1169 1000 ipsis
1193 950 1308 986 modis
1339 960 1436 993 esset,
1469 951 1552 986 falsa
1582 951 1698 988 solum

167 1014 383 1041 accrementa
401 1007 530 1051 (notas)
542 1004 768 1046 rescinderet,
794 1016 828 1041 et
851 1005 973 1041 modos
989 1007 1025 1040 in
1044 1007 1197 1042 sinceros
1214 1014 1248 1039 et
1260 1007 1430 1052 genuinos
1453 1005 1579 1053 gradus
1593 1018 1696 1055 repo·
1726 1000 1730 1004 ⁴

166 1070 276 1101 neret,
301 1070 370 1100 eos,
396 1059 457 1107 qui
481 1060 570 1093 veris
594 1072 710 1093 rerum
734 1060 929 1101 momentis,
954 1072 1018 1106 per
1040 1061 1146 1102 hujus
1170 1067 1284 1092 terrae
1308 1068 1343 1092 et
1365 1058 1533 1101 majorem
1556 1060 1697 1095 fortasse

166 1121 325 1149 naturam
351 1112 537 1154 continuis,
563 1112 657 1147 finiti
677 1122 806 1149 essent.

239 1172 241 1174 '
279 1168 469 1215 Postquam
512 1165 594 1201 illae
640 1168 723 1202 artis
760 1164 930 1215 loquendi
970 1167 1124 1203 maculae
1154 1181 1175 1203 a
1202 1170 1282 1212 justi
1322 1170 1460 1203 numeri
1497 1170 1694 1216 ignorantia

165 1223 321 1256 invectae
349 1220 506 1268 proxime
537 1228 673 1255 notatae
703 1230 794 1262 sunt,
826 1233 977 1268 aequum
1013 1231 1064 1255 est
1095 1221 1361 1268 dispositionem
1396 1234 1625 1257 numerorum
1656 1227 1694 1258 in

164 1273 317 1309 secunda
340 1283 440 1321 parte
454 1272 669 1308 Graecorum
690 1273 832 1321 linguae
854 1274 979 1308 factam
996 1283 1212 1321 computare.
1261 1274 1301 1307 In
1320 1274 1531 1309 carminibus
1551 1276 1695 1312 Homeri

166 1339 235 1363 tam
267 1326 383 1377 amplo
414 1337 448 1363 et
483 1328 593 1363 diviso
624 1327 720 1364 fonte
759 1329 952 1376 positiones
998 1327 1231 1370 eliciuntur„
1251 1337 1288 1363 ut
1326 1331 1543 1376 computanti
1576 1331 1695 1379 plures

166 1383 297 1431 species
321 1383 459 1416 numeri
485 1390 685 1429 appareant,
709 1390 790 1415 sunt
813 1382 983 1428 primitivi
1006 1381 1138 1426 (activi)
1162 1394 1226 1429 per
1247 1393 1366 1416 omnes
1392 1392 1544 1429 quatuor
1566 1386 1693 1431 gradus

138 1445 410 1479 ‚commeantem
445 1445 527 1471 sunt
560 1436 698 1469 numeri
729 1436 854 1483 passivi
889 1437 951 1483 qui
985 1448 1049 1483 per
1082 1444 1149 1470 tres
1182 1434 1294 1470 solum
1325 1434 1470 1482 gradus3
1508 1436 1631 1472 mediit
1659 1430 1695 1474 et

164 1492 288 1538 passivi
318 1492 381 1538 qui
413 1503 478 1538 per
501 1502 621 1524 omnes
646 1489 770 1535 gradus
805 1490 903 1534 jungi
933 1490 1087 1535 possunt.
1136 1489 1179 1523 In
1209 1491 1333 1537 primis
1358 1500 1391 1524 et
1412 1493 1596 1537 postremis
1621 1495 1690 1534 jam
1722 1528 1729 1531 ί

165 1553 274 1579 aetate
290 1545 434 1579 Homeri
447 1553 599 1578 mentem
612 1552 646 1576 et
659 1542 817 1590 linguam
832 1543 1002 1577 Graecam
1017 1542 1211 1577 decrevisse
1227 1543 1397 1585 videmus,
1421 1552 1454 1577 at
1478 1544 1515 1577 in
1529 1545 1692 1581 secundis

163 1601 198 1640 ct
221 1597 345 1633 mediis
369 1599 440 1632 sive
463 1597 634 1632 reflexivis
658 1609 926 1645 nonnumquam
957 1597 1211 1632 dubitationem
1236 1593 1339 1632 suiss'e
1368 1607 1401 1632 et
1433 1597 1574 1646 linguae
1609 1614 1691 1648 per.

164 1652 273 1687 fectae
297 1652 411 1700 legem
442 1651 607 1687 offensam
639 1652 837 1699 reperimus
864 1683 866 1685 ,
894 1651 1047 1685 Secundi
1079 1653 1216 1686 numeri
1249 1652 1378 1688 debent
1408 1652 1501 1686 inire
1533 1654 1689 1690 habitum

168 1706 281 1749 modi,
303 1717 408 1754 quem
432 1707 556 1742 ineunt
587 1706 717 1748 activi,
735 1705 829 1753 quod
861 1706 962 1739 etiam
993 1705 1201 1753 plerumque
1225 1704 1322 1752 aqud
1339 1705 1383 1740 H.
1408 1705 1464 1748 fit;
1493 1706 1690 1752 η’γερέθοντο

164 1769 279 1796 autem
302 1772 376 1795 non
400 1773 441 1794 ex
472 1774 586 1805 αγειρ-
610 1759 671 1794 sed
696 1772 733 1793 cx
757 1773 864 1804 αγερτ.
888 1769 1085 1807 sumptum;
1117 1771 1186 1807 quo
1222 1759 1356 1801 habitu,
1386 1772 1464 1793 cum
1496 1760 1564 1803 adj.
1594 1765 1689 1799 verb.

166 1825 226 1857 est,
250 1816 444 1861 junguntur
467 1815 633 1860 postremi
657 1814 811 1856 numeri3
833 1813 1000 1858 ἠγείροντο
1025 1822 1075 1847 est
1097 1814 1170 1847 Att.
1216 1813 1361 1847 Numeri
1385 1811 1493 1846 medii
1517 1814 1554 1847 in
1581 1817 1691 1863 gradu

166 1878 237 1904 nor.
259 1877 436 1902 nan-antes
461 1866 590 1903 debent
620 1867 712 1901 inire
742 1866 900 1901 habitum
929 1866 1039 1908 modi,
1065 1879 1171 1914 quem
1204 1868 1325 1900 ineunt
1353 1867 1494 1900 numeri
1524 1871 1626 1904 activi
1650 1873 1687 1905 in

162 1921 273 1966 gradu
303 1934 374 1956 aor.
413 1931 609 1964 narrantes,
651 1930 685 1955 at
707 1920 891 1962 τετῦκοντο,
928 1923 1089 1963 διέσσυτο,
1138 1921 1274 1954 numeri
1311 1919 1421 1954 medii
1453 1933 1619 1968 apparent
1648 1926 1685 1959 in

165 1972 297 2015 habitu,
321 1975 365 2010 ab
380 1986 432 2017 eo,
458 1972 564 2022 quem
582 1975 683 2010 activi
700 1983 835 2022 petunt,
852 1974 1006 2019 diverso3
1024 1987 1102 2008 nam
1115 1986 1217 2007 τυκτ-
1232 1986 1319 2007 ‹wt-
1334 1982 1385 2008 est
1398 1974 1543 2016 habitus,
1558 1976 1594 2009 in
1615 1990 1686 2026 quo

164 2031 331 2074 postremi
350 2029 475 2076 passivi
489 2041 555 2076 per
567 2038 717 2077 quatuor
731 2027 856 2076 gradus
876 2029 1006 2074 σῦθητι,
1016 2028 1128 2071 ἐστί’-9η,
1138 2027 1331 2073 σταθήσεται,
1341 2029 1482 2070 «sinum,
1493 2041 1689 2070 moventur.

166 2082 348 2118 Praeterea
379 2084 417 2117 in
442 2082 610 2118 nti-norro
633 2095 705 2118 non
733 2094 876 2130 prorsus
900 2092 1043 2124 certum,
1075 2094 1146 2129 quo
1181 2083 1330 2117 inclinet
1349 2083 1485 2117 animus
1508 2093 1625 2121 utrum
1652 2090 1687 2122 in

1474 2131 1497 2166 3
